%% This BibTeX bibliography file was created using BibDesk.
%% https://bibdesk.sourceforge.io/

%% Created for Daniel M. Topa at 2024-10-04 15:22:58 -0600 


%% Saved with string encoding Unicode (UTF-8) 



@article{berrondo1974magia,
	author = {Berrondo, M and Flores, J and Novaro, O},
	date-added = {2024-09-24 21:54:11 -0600},
	date-modified = {2024-09-24 21:54:11 -0600},
	title = {LA MAGIA DE LAS ORBITAS ELIPTICAS.},
	year = {1974}}

@article{martinez1992closed,
	author = {Mart{\'\i}nez-y-Romero, RP and N{\'u}nez-Y{\'e}pez, HN and Salas-Brito, AL},
	date-added = {2024-09-24 21:49:13 -0600},
	date-modified = {2024-09-24 21:49:13 -0600},
	journal = {European journal of physics},
	number = {1},
	pages = {26},
	publisher = {IOP Publishing},
	title = {Closed orbits and constants of motion in classical mechanics},
	volume = {13},
	year = {1992}}

@article{rosales1990phase,
	abstract = {The motion in a central field is analyzed with the use of a phase space for the energy equation. Applications are made to some particular examples.},
	author = {Rosales, Marco A and del R{\'\i}o-Correa, JL and Quilant{\'a}n, JL Castro},
	date-added = {2024-09-24 21:44:57 -0600},
	date-modified = {2024-09-24 21:46:56 -0600},
	journal = {Revista Mexicana de F{\'\i}sica},
	number = {2},
	pages = {349--359},
	title = {Phase space approach to the orbits in central force fields},
	volume = {37},
	year = {1990}}

@article{berrondo1974magic,
	author = {Berrondo, M and Flores, J and Novaro, O},
	date-added = {2024-09-24 21:39:53 -0600},
	date-modified = {2024-09-24 21:39:53 -0600},
	journal = {Revista Mexicana de Fisica},
	pages = {E13--E26},
	title = {The magic of elliptical orbits.},
	volume = {23},
	year = {1974}}

@electronic{Gerhard,
	author = {Gerhard},
	date-added = {2024-09-24 19:36:02 -0600},
	date-modified = {2024-09-24 19:36:59 -0600},
	title = {Bertrand's Theorem},
	url = {https://phys.uri.edu/gerhard/PHY520/mln44.pdf},
	urldate = {2024},
	bdsk-url-1 = {https://phys.uri.edu/gerhard/PHY520/mln44.pdf}}

@electronic{coursenotes,
	author = {Wheeler},
	date-added = {2024-09-24 19:33:01 -0600},
	date-modified = {2024-09-24 19:39:01 -0600},
	keywords = {Bertrand's Theorem, classical mechanics},
	title = {Bertrand's Theorem},
	url = {https://www.physics.usu.edu/Wheeler/ClassicalMechanics/CMBertrandsTheorem.pdf},
	urldate = {2024},
	bdsk-url-1 = {https://www.physics.usu.edu/Wheeler/ClassicalMechanics/CMBertrandsTheorem.pdf}}

@article{galbraith2019even,
	author = {Galbraith, Jared and Williams, Jacob},
	date-added = {2024-09-24 19:19:22 -0600},
	date-modified = {2024-09-24 19:19:22 -0600},
	journal = {Journal of Undergraduate Reports in Physics},
	number = {1},
	publisher = {AIP Publishing},
	title = {An even simpler ``truly elementary'' proof of Bertrand's theorem},
	volume = {29},
	year = {2019}}

@article{verma2014more,
	author = {Verma, Manoj},
	date-added = {2024-09-24 19:14:57 -0600},
	date-modified = {2024-09-24 19:21:23 -0600},
	journal = {arXiv preprint arXiv:1401.4368},
	publisher = {Citeseer},
	title = {A more elementary proof of Bertrand's postulate},
	year = {2014}}

@article{zarmi2002bertrand,
	author = {Zarmi, Yair},
	date-added = {2024-09-24 17:40:00 -0600},
	date-modified = {2024-09-24 17:40:00 -0600},
	journal = {American Journal of Physics},
	number = {4},
	pages = {446--449},
	publisher = {American Association of Physics Teachers},
	title = {The Bertrand theorem revisited},
	volume = {70},
	year = {2002}}

@mastersthesis{musgrove2020,
	author = {Musgrove, John F},
	date-added = {2024-09-24 17:37:14 -0600},
	date-modified = {2024-09-24 17:38:09 -0600},
	school = {Oregon State University},
	title = {A Partial Proof of Bertrand's Theorem},
	year = {2020}}

@misc{richard2024siriladvancedtoolastronomical,
	archiveprefix = {arXiv},
	author = {Cyril Richard and Vincent Hourdin and C{\'e}cile Melis and Adrian Knagg-Baugh},
	date-added = {2024-09-16 21:25:58 -0600},
	date-modified = {2024-09-16 21:25:58 -0600},
	eprint = {2408.03346},
	primaryclass = {astro-ph.IM},
	title = {Siril: An Advanced Tool for Astronomical Image Processing},
	url = {https://arxiv.org/abs/2408.03346},
	year = {2024},
	bdsk-url-1 = {https://arxiv.org/abs/2408.03346}}

@book{arnol2013mathematical,
	author = {Arnol'd, Vladimir Igorevich},
	date-added = {2024-09-15 22:15:22 -0600},
	date-modified = {2024-09-15 22:15:22 -0600},
	publisher = {Springer Science \& Business Media},
	title = {Mathematical methods of classical mechanics},
	volume = {60},
	year = {2013}}

@book{greenspan2012introduction,
	author = {Greenspan, Donald},
	date-added = {2024-09-15 21:02:35 -0600},
	date-modified = {2024-09-15 21:03:16 -0600},
	publisher = {Dover},
	title = {Introduction to partial differential equations},
	year = {2000}}

@book{frenchMechanics,
	author = {A.P. French},
	date-added = {2024-09-15 21:01:43 -0600},
	date-modified = {2024-09-15 21:01:43 -0600},
	publisher = {MIT},
	title = {Newtonian Mechanics},
	year = {1971}}

@book{scheck2010mechanics,
	author = {Scheck, Florian},
	date-added = {2024-09-15 20:56:46 -0600},
	date-modified = {2024-09-15 20:56:46 -0600},
	publisher = {Springer Science \& Business Media},
	title = {Mechanics: from Newton's laws to deterministic chaos},
	year = {2010}}

@book{jose1998classical,
	author = {Jos{\'e}, Jorge V and Saletan, Eugene J},
	date-added = {2024-09-15 20:54:28 -0600},
	date-modified = {2024-09-15 20:54:28 -0600},
	publisher = {Cambridge University Press},
	title = {Classical dynamics: a contemporary approach},
	year = {1998}}

@misc{enwiki:1188516830,
	author = {{Wikipedia contributors}},
	date-added = {2024-09-13 14:37:35 -0600},
	date-modified = {2024-09-13 14:37:35 -0600},
	howpublished = {\url{https://en.wikipedia.org/w/index.php?title=Bertrand\%27s_theorem&oldid=1188516830}},
	note = {[Online; accessed 13-September-2024]},
	title = {Bertrand's theorem --- {Wikipedia}{,} The Free Encyclopedia},
	year = {2023}}

@misc{enwiki:1241525826,
	author = {{Wikipedia contributors}},
	date-added = {2024-09-11 21:10:39 -0600},
	date-modified = {2024-09-11 21:10:39 -0600},
	howpublished = {\url{https://en.wikipedia.org/w/index.php?title=Quantum_chromodynamics&oldid=1241525826}},
	note = {[Online; accessed 12-September-2024]},
	title = {Quantum chromodynamics --- {Wikipedia}{,} The Free Encyclopedia},
	year = {2024}}

@misc{enwiki:1232054504,
	author = {{Wikipedia contributors}},
	date-added = {2024-09-11 21:10:14 -0600},
	date-modified = {2024-09-11 21:10:14 -0600},
	howpublished = {\url{https://en.wikipedia.org/w/index.php?title=Quantum_electrodynamics&oldid=1232054504}},
	note = {[Online; accessed 12-September-2024]},
	title = {Quantum electrodynamics --- {Wikipedia}{,} The Free Encyclopedia},
	year = {2024}}

@misc{enwiki:1233536190,
	author = {{Wikipedia contributors}},
	date-added = {2024-09-11 21:06:41 -0600},
	date-modified = {2024-09-11 21:06:41 -0600},
	note = {[Online; accessed 12-September-2024]},
	title = {Lyapunov stability --- {Wikipedia}{,} The Free Encyclopedia},
	url = {https://en.wikipedia.org/w/index.php?title=Lyapunov_stability&oldid=1233536190},
	year = {2024},
	bdsk-url-1 = {https://en.wikipedia.org/w/index.php?title=Lyapunov_stability&oldid=1233536190}}

@article{PhysRevA.99.032116,
	author = {Suta, Markus and Mannel, Thomas},
	date-added = {2024-09-11 14:58:36 -0600},
	date-modified = {2024-09-11 14:58:36 -0600},
	doi = {10.1103/PhysRevA.99.032116},
	issue = {3},
	journal = {Phys. Rev. A},
	month = {Mar},
	numpages = {10},
	pages = {032116},
	publisher = {American Physical Society},
	title = {Dynamical symmetries hidden in the form of the potential},
	url = {https://link.aps.org/doi/10.1103/PhysRevA.99.032116},
	volume = {99},
	year = {2019},
	bdsk-url-1 = {https://link.aps.org/doi/10.1103/PhysRevA.99.032116},
	bdsk-url-2 = {https://doi.org/10.1103/PhysRevA.99.032116}}

@article{perlick1992bertrand,
	abstract = {The author determines all spherically symmetric and static Lorentzian spacetimes in which any bounded trajectory is periodic. The author calls such spacetimes 'Bertrand spacetimes', thereby referring to Bertrand's classical theorem which deals with the analogous situation in Newtonian mechanics. Any Bertrand spacetime is characterized by a rational number beta which gives the apsidal angle of all bounded trajectories in fractions of pi . Whereas Newtonian Bertrand potentials exist only for beta =1 (Kepler potential) and for beta =2 (harmonic oscillator potential), general relativity allows one to construct Bertrand spacetimes for any beta . An asymptotically Minkowskian Bertrand spacetime, however, must have beta =1, and a Bertrand spacetime with regular centre must have beta =2. Whereas all asymptotically Minkowskian Bertrand spacetimes violate the weak energy condition, some Bertrand spacetimes with regular centre admit an interpretation as charged perfect fluid solution of Einstein's field equation.},
	author = {Perlick, Volker},
	date-added = {2024-09-11 14:57:34 -0600},
	date-modified = {2024-09-11 14:57:34 -0600},
	doi = {10.1088/0264-9381/9/4/016},
	journal = {Classical and Quantum Gravity},
	number = {4},
	pages = {1009},
	publisher = {IOP Publishing},
	title = {Bertrand spacetimes},
	url = {https://dx.doi.org/10.1088/0264-9381/9/4/016},
	volume = {9},
	year = {1992},
	bdsk-url-1 = {https://dx.doi.org/10.1088/0264-9381/9/4/016}}

@article{PhysRevD.88.083532,
	author = {Dey, Dipanjan and Bhattacharya, Kaushik and Sarkar, Tapobrata},
	date-added = {2024-09-11 14:50:33 -0600},
	date-modified = {2024-09-11 14:50:33 -0600},
	doi = {10.1103/PhysRevD.88.083532},
	issue = {8},
	journal = {Phys. Rev. D},
	month = {Oct},
	numpages = {10},
	pages = {083532},
	publisher = {American Physical Society},
	title = {Astrophysics of Bertrand space-times},
	url = {https://link.aps.org/doi/10.1103/PhysRevD.88.083532},
	volume = {88},
	year = {2013},
	bdsk-url-1 = {https://link.aps.org/doi/10.1103/PhysRevD.88.083532},
	bdsk-url-2 = {https://doi.org/10.1103/PhysRevD.88.083532}}

@article{PhysRevD.110.L021303,
	author = {Baumgarte, Thomas W. and Shapiro, Stuart L.},
	date-added = {2024-09-11 14:49:11 -0600},
	date-modified = {2024-09-11 14:49:11 -0600},
	doi = {10.1103/PhysRevD.110.L021303},
	issue = {2},
	journal = {Phys. Rev. D},
	month = {Jul},
	numpages = {7},
	pages = {L021303},
	publisher = {American Physical Society},
	title = {Primordial black holes, gravitational wave beats, and the nuclear equation of state},
	url = {https://link.aps.org/doi/10.1103/PhysRevD.110.L021303},
	volume = {110},
	year = {2024},
	bdsk-url-1 = {https://link.aps.org/doi/10.1103/PhysRevD.110.L021303},
	bdsk-url-2 = {https://doi.org/10.1103/PhysRevD.110.L021303}}

@article{PhysRevD.86.044028,
	author = {Kumar, Prashant and Bhattacharya, Kaushik and Sarkar, Tapobrata},
	date-added = {2024-09-11 14:48:04 -0600},
	date-modified = {2024-09-11 14:48:04 -0600},
	doi = {10.1103/PhysRevD.86.044028},
	issue = {4},
	journal = {Phys. Rev. D},
	month = {Aug},
	numpages = {8},
	pages = {044028},
	publisher = {American Physical Society},
	title = {Geodesic congruences and their deformations in Bertrand space-times},
	url = {https://link.aps.org/doi/10.1103/PhysRevD.86.044028},
	volume = {86},
	year = {2012},
	bdsk-url-1 = {https://link.aps.org/doi/10.1103/PhysRevD.86.044028},
	bdsk-url-2 = {https://doi.org/10.1103/PhysRevD.86.044028}}

@article{PhysRevE.97.052104,
	author = {Golden, Kenneth I.},
	date-added = {2024-09-11 14:47:27 -0600},
	date-modified = {2024-09-11 14:47:27 -0600},
	doi = {10.1103/PhysRevE.97.052104},
	issue = {5},
	journal = {Phys. Rev. E},
	month = {May},
	numpages = {14},
	pages = {052104},
	publisher = {American Physical Society},
	title = {Higher-order fluctuation-dissipation relations in plasma physics: Binary Coulomb systems},
	url = {https://link.aps.org/doi/10.1103/PhysRevE.97.052104},
	volume = {97},
	year = {2018},
	bdsk-url-1 = {https://link.aps.org/doi/10.1103/PhysRevE.97.052104},
	bdsk-url-2 = {https://doi.org/10.1103/PhysRevE.97.052104}}

@article{PhysRevD.88.124040,
	author = {Dadhich, Naresh and Ghosh, Sushant G. and Jhingan, Sanjay},
	date-added = {2024-09-11 14:46:17 -0600},
	date-modified = {2024-09-11 14:46:17 -0600},
	doi = {10.1103/PhysRevD.88.124040},
	issue = {12},
	journal = {Phys. Rev. D},
	month = {Dec},
	numpages = {4},
	pages = {124040},
	publisher = {American Physical Society},
	title = {Bound orbits and gravitational theory},
	url = {https://link.aps.org/doi/10.1103/PhysRevD.88.124040},
	volume = {88},
	year = {2013},
	bdsk-url-1 = {https://link.aps.org/doi/10.1103/PhysRevD.88.124040},
	bdsk-url-2 = {https://doi.org/10.1103/PhysRevD.88.124040}}

@article{PhysRevE.79.036605,
	author = {Santos, Filadelfo C. and Soares, Vitorvani and Tort, Alexandre C.},
	date-added = {2024-09-11 14:44:55 -0600},
	date-modified = {2024-09-11 14:44:55 -0600},
	doi = {10.1103/PhysRevE.79.036605},
	issue = {3},
	journal = {Phys. Rev. E},
	month = {Mar},
	numpages = {6},
	pages = {036605},
	publisher = {American Physical Society},
	title = {Determination of the apsidal angles and Bertrand's theorem},
	url = {https://link.aps.org/doi/10.1103/PhysRevE.79.036605},
	volume = {79},
	year = {2009},
	bdsk-url-1 = {https://link.aps.org/doi/10.1103/PhysRevE.79.036605},
	bdsk-url-2 = {https://doi.org/10.1103/PhysRevE.79.036605}}

@article{bicudo2007large,
	author = {Bicudo, Pedro},
	date-added = {2024-09-09 20:30:58 -0600},
	date-modified = {2024-09-09 20:30:58 -0600},
	journal = {Physical Review D---Particles, Fields, Gravitation, and Cosmology},
	number = {9},
	pages = {094005},
	publisher = {APS},
	title = {Large degeneracy of excited hadrons and quark models},
	volume = {76},
	year = {2007}}

@article{zuo1999modification,
	author = {Zuo-bing, Wu and Jin-yan, Zeng},
	date-added = {2024-09-09 20:25:59 -0600},
	date-modified = {2024-09-09 20:25:59 -0600},
	journal = {Chinese physics letters},
	number = {11},
	pages = {781},
	publisher = {IOP Publishing},
	title = {Modification of Bertrand's Theorem and Extended Runge-Lenz Vector},
	volume = {16},
	year = {1999}}

@article{santos2009determination,
	author = {Santos, Filadelfo C and Soares, Vitorvani and Tort, Alexandre C},
	date-added = {2024-09-09 20:22:22 -0600},
	date-modified = {2024-09-09 20:22:22 -0600},
	journal = {Physical Review E---Statistical, Nonlinear, and Soft Matter Physics},
	number = {3},
	pages = {036605},
	publisher = {APS},
	title = {Determination of the apsidal angles and Bertrand's theorem},
	volume = {79},
	year = {2009}}

@article{rong1993generalization,
	author = {Rong-Chang, Shi and Feng-Xiang, Mei},
	date-added = {2024-09-09 20:18:02 -0600},
	date-modified = {2024-09-09 20:18:02 -0600},
	journal = {Applied Mathematics and Mechanics},
	number = {6},
	pages = {537--544},
	publisher = {Springer},
	title = {On a generalization of Bertrand's theorem},
	volume = {14},
	year = {1993}}

@article{el2023orbital,
	author = {El-Nabulsi, Rami Ahmad and Anukool, Waranont},
	date-added = {2024-09-09 20:13:12 -0600},
	date-modified = {2024-09-09 20:13:12 -0600},
	journal = {The Journal of the Astronautical Sciences},
	number = {1},
	pages = {1},
	publisher = {Springer},
	title = {Orbital Dynamics, Chaotic Orbits and Jacobi Elliptic Functions},
	volume = {70},
	year = {2023}}

@article{Grandati_2008,
	author = {Grandati, Yves and B{\'e}rard, Alain and M{\'e}nas, Ferhat},
	date-added = {2024-09-09 19:58:00 -0600},
	date-modified = {2024-09-09 19:58:00 -0600},
	doi = {10.1119/1.2899733},
	issn = {1943-2909},
	journal = {American Journal of Physics},
	month = aug,
	number = {8},
	pages = {782--787},
	publisher = {American Association of Physics Teachers (AAPT)},
	title = {Inverse problem and Bertrand's theorem},
	url = {http://dx.doi.org/10.1119/1.2899733},
	volume = {76},
	year = {2008},
	bdsk-url-1 = {http://dx.doi.org/10.1119/1.2899733}}

@article{Ballesteros_2011,
	author = {Ballesteros, A and Enciso, A and Herranz, F J and Ragnisco, O and Riglioni, D},
	date-added = {2024-09-09 19:27:07 -0600},
	date-modified = {2024-09-09 19:27:07 -0600},
	doi = {10.1088/1742-6596/284/1/012011},
	issn = {1742-6596},
	journal = {Journal of Physics: Conference Series},
	month = mar,
	pages = {012011},
	publisher = {IOP Publishing},
	title = {New superintegrable models with position-dependent mass from Bertrand's Theorem on curved spaces},
	url = {http://dx.doi.org/10.1088/1742-6596/284/1/012011},
	volume = {284},
	year = {2011},
	bdsk-url-1 = {http://dx.doi.org/10.1088/1742-6596/284/1/012011}}

@inproceedings{ballesteros2011new,
	author = {Ballesteros, Angel and Enciso, Alberto and Herranz, Francisco J and Ragnisco, Orlando and Riglioni, Danilo},
	booktitle = {Journal of Physics: Conference Series},
	date-added = {2024-09-09 19:26:37 -0600},
	date-modified = {2024-09-09 19:26:37 -0600},
	number = {1},
	organization = {IOP Publishing},
	pages = {012011},
	title = {New superintegrable models with position-dependent mass from Bertrand's Theorem on curved spaces},
	volume = {284},
	year = {2011}}

@article{kumar2011possible,
	author = {Kumar, Prashant and Bhattacharya, Kaushik},
	date-added = {2024-09-09 19:22:00 -0600},
	date-modified = {2024-09-09 19:22:00 -0600},
	journal = {European journal of physics},
	number = {4},
	pages = {895},
	publisher = {IOP Publishing},
	title = {Possible potentials responsible for stable circular relativistic orbits},
	volume = {32},
	year = {2011}}

@article{dadhich2013bound,
	author = {Dadhich, Naresh and Ghosh, Sushant G and Jhingan, Sanjay},
	date-added = {2024-09-09 19:20:39 -0600},
	date-modified = {2024-09-09 19:20:39 -0600},
	journal = {Physical Review D---Particles, Fields, Gravitation, and Cosmology},
	number = {12},
	pages = {124040},
	publisher = {APS},
	title = {Bound orbits and gravitational theory},
	volume = {88},
	year = {2013}}

@article{Santoprete_2008,
	author = {Santoprete, Manuele},
	date-added = {2024-09-09 19:17:49 -0600},
	date-modified = {2024-09-09 19:17:49 -0600},
	doi = {10.1063/1.2912325},
	issn = {1089-7658},
	journal = {Journal of Mathematical Physics},
	month = apr,
	number = {4},
	publisher = {AIP Publishing},
	title = {Gravitational and harmonic oscillator potentials on surfaces of revolution},
	url = {http://dx.doi.org/10.1063/1.2912325},
	volume = {49},
	year = {2008},
	bdsk-url-1 = {http://dx.doi.org/10.1063/1.2912325}}

@misc{christodoulou2017newboundclosedorbits,
	archiveprefix = {arXiv},
	author = {Dimitris M. Christodoulou and Demosthenes Kazanas},
	date-added = {2024-09-09 19:17:04 -0600},
	date-modified = {2024-09-09 19:17:26 -0600},
	eprint = {1707.04937},
	keywords = {withdrawn by author},
	primaryclass = {astro-ph.EP},
	title = {New Bound Closed Orbits in Spherical Potentials},
	url = {https://arxiv.org/abs/1707.04937},
	year = {2017},
	bdsk-url-1 = {https://arxiv.org/abs/1707.04937}}

@misc{alhashimi2019energyangularmomentumdependent,
	archiveprefix = {arXiv},
	author = {Munir Al-Hashimi},
	date-added = {2024-09-09 19:16:33 -0600},
	date-modified = {2024-09-09 19:16:33 -0600},
	eprint = {1903.03228},
	primaryclass = {physics.class-ph},
	title = {Energy and Angular Momentum Dependent Potentials with Closed Orbits},
	url = {https://arxiv.org/abs/1903.03228},
	year = {2019},
	bdsk-url-1 = {https://arxiv.org/abs/1903.03228}}

@misc{kholodenko2020modifiedbertrandtheoremexplains,
	archiveprefix = {arXiv},
	author = {Arkady L. Kholodenko},
	date-added = {2024-09-09 19:13:02 -0600},
	date-modified = {2024-09-09 19:13:02 -0600},
	eprint = {2002.12128},
	primaryclass = {physics.gen-ph},
	title = {How the Modified Bertrand Theorem Explains Regularities and Anomalies of the Periodic Table of Elements},
	url = {https://arxiv.org/abs/2002.12128},
	year = {2020},
	bdsk-url-1 = {https://arxiv.org/abs/2002.12128}}

@misc{hasan2023dynamicsstabilitytwobodyproblem,
	archiveprefix = {arXiv},
	author = {Nawras Abo Hasan and Nabil Joudieh and Nidal Chamoun},
	date-added = {2024-09-09 19:11:27 -0600},
	date-modified = {2024-09-09 19:11:27 -0600},
	eprint = {2301.02498},
	primaryclass = {astro-ph.EP},
	title = {Dynamics and stability of the two-body problem with Yukawa correction to Newton's gravity, revisited and applied numerically to the solar system},
	url = {https://arxiv.org/abs/2301.02498},
	year = {2023},
	bdsk-url-1 = {https://arxiv.org/abs/2301.02498}}

@misc{sharma2024elementaryproofbertrandspostulate,
	archiveprefix = {arXiv},
	author = {Pranav Narayan Sharma},
	date-added = {2024-09-09 19:10:44 -0600},
	date-modified = {2024-09-09 19:10:44 -0600},
	eprint = {2407.07620},
	primaryclass = {math.GM},
	title = {An Elementary proof for Bertrand's Postulate},
	url = {https://arxiv.org/abs/2407.07620},
	year = {2024},
	bdsk-url-1 = {https://arxiv.org/abs/2407.07620}}

@misc{luca2024zolldeformationskeplerproblem,
	archiveprefix = {arXiv},
	author = {Asselle Luca and Baranzini Stefano},
	date-added = {2024-09-09 19:09:38 -0600},
	date-modified = {2024-09-09 19:10:12 -0600},
	doi = {https://doi.org/10.48550/arXiv.2408.14191},
	eprint = {2408.14191},
	primaryclass = {math.DS},
	title = {On the Zoll deformations of the Kepler problem},
	url = {https://arxiv.org/abs/2408.14191},
	year = {2024},
	bdsk-url-1 = {https://arxiv.org/abs/2408.14191}}

@article{gurappa2000quantum,
	author = {Gurappa, N and Panigrahi, Prasanta K and Raju, T Soloman and Srinivasan, V},
	date-added = {2024-09-09 19:01:51 -0600},
	date-modified = {2024-09-09 19:04:40 -0600},
	doi = {https://doi.org/10.1142/S0217732300002255},
	journal = {Modern Physics Letters A},
	number = {30},
	pages = {1851--1857},
	publisher = {World Scientific},
	title = {Quantum equivalent of the Bertrand's theorem},
	volume = {15},
	year = {2000},
	bdsk-url-1 = {https://doi.org/10.1142/S0217732300002255}}

@article{christodoulou2017physical,
	author = {Christodoulou, Dimitris M and Kazanas, Demosthenes},
	date-added = {2024-09-09 18:54:08 -0600},
	date-modified = {2024-09-09 18:55:51 -0600},
	doi = {https://doi.org/10.1088/1674-4527/17/12/129},
	journal = {Research in Astronomy and Astrophysics},
	number = {12},
	pages = {129},
	publisher = {IOP Publishing},
	title = {A physical interpretation of the Titius-Bode rule and its connection to the closed orbits of Bertrandʼs theorem},
	volume = {17},
	year = {2017},
	bdsk-url-1 = {https://doi.org/10.1088/1674-4527/17/12/129}}

@article{martinez2020periodic,
	author = {Martinez-y-Romero, RP and N{\'u}{\~n}ez-Y{\'e}pez, HN and Salas-Brito, AL},
	date-added = {2024-09-09 18:46:09 -0600},
	date-modified = {2024-09-09 18:48:31 -0600},
	doi = {https://doi.org/10.1063/1.5143582},
	journal = {AIP Advances},
	number = {6},
	publisher = {AIP Publishing},
	title = {Periodic orbits, superintegrability, and Bertrand's theorem},
	volume = {10},
	year = {2020},
	bdsk-url-1 = {https://doi.org/10.1063/1.5143582}}

@article{yu2017bertrand,
	author = {Yu, Rui-Yan and Wang, Towe},
	date-added = {2024-09-09 18:40:02 -0600},
	date-modified = {2024-09-09 18:40:02 -0600},
	journal = {The European Physical Journal Plus},
	pages = {1--6},
	publisher = {Springer},
	title = {Bertrand's theorem and virial theorem in fractional classical mechanics},
	volume = {132},
	year = {2017}}

@article{okuyucu2012bertrand,
	author = {Okuyucu, O Zeki and G{\"o}k, {\.I}smail and Yayl{\i}, Yusuf and Ekmekci, Nejat},
	date-added = {2024-09-09 18:36:24 -0600},
	date-modified = {2024-09-09 18:36:24 -0600},
	journal = {arXiv preprint arXiv:1211.6424},
	title = {Bertrand curves in three dimensional Lie groups},
	year = {2012}}

@article{carimalo2022symmetries,
	author = {Carimalo, Christian},
	date-added = {2024-09-09 17:23:58 -0600},
	date-modified = {2024-09-09 17:23:58 -0600},
	journal = {Theoretical and Applied Mechanics},
	number = {1},
	pages = {61--69},
	publisher = {Математический институт Сербской академии наук и искусств},
	title = {Symmetries and stability of motions in the Newtonian and the Hookean potentials},
	volume = {49},
	year = {2022}}

@article{de2024bertran,
	author = {de Neeling, Dijs and Roest, Diederik and Seri, Marcello and Waalkens, Holger},
	date-added = {2024-09-09 16:45:14 -0600},
	date-modified = {2024-09-09 16:45:14 -0600},
	journal = {arXiv preprint arXiv:2406.02067},
	title = {Bertran$\backslash$v $\{$d$\}$ s Theorem and the Double Copy of Relativistic Field Theories},
	year = {2024}}

@article{carimalo2023transmutation,
	author = {Carimalo, Christian},
	date-added = {2024-09-09 14:12:10 -0600},
	date-modified = {2024-09-09 14:12:10 -0600},
	journal = {Theoretical and Applied Mechanics},
	number = {1},
	pages = {1--11},
	publisher = {Математический институт Сербской академии наук и искусств},
	title = {Transmutation of central forces and Bertrand's theorem},
	volume = {50},
	year = {2023}}

@article{ortega2019proof,
	author = {Ortega, Rafael and Rojas, David},
	date-added = {2024-09-09 14:09:20 -0600},
	date-modified = {2024-09-09 14:09:20 -0600},
	journal = {Journal of Dynamics and Differential Equations},
	number = {4},
	pages = {2017--2028},
	publisher = {Springer},
	title = {A proof of Bertrand's theorem using the theory of isochronous potentials},
	volume = {31},
	year = {2019}}

@article{bertrand1873theoreme,
	annote = {https://gallica.bnf.fr/ark:/12148/bpt6k3034n
pp. 851-855},
	author = {Bertrand, Joseph},
	date-added = {2024-09-09 14:00:24 -0600},
	date-modified = {2024-09-11 15:35:52 -0600},
	journal = {CR Acad. Sci},
	month = {07},
	number = {16},
	pages = {849--853},
	title = {Th\'{e}or\`{e}me relatif au mouvement d'un point attir\'{e} vers un centre fixe},
	url = {https://gallica.bnf.fr/ark:/12148/bpt6k3034n},
	volume = {77},
	year = {1873},
	bdsk-url-1 = {https://gallica.bnf.fr/ark:/12148/bpt6k3034n}}

@webpage{goldstein3errata,
	date-added = {2024-09-09 13:33:14 -0600},
	date-modified = {2024-09-09 13:45:18 -0600},
	keywords = {errata, corrections, comments, goldstein, classical mechanics},
	lastchecked = {2024-09-09},
	month = {09},
	title = {Textbook errata page},
	url = {http://astro.physics.sc.edu/goldstein/},
	year = {2024},
	bdsk-url-1 = {http://astro.physics.sc.edu/goldstein/}}

@article{tiersten2003errors,
	author = {Tiersten, Martin},
	date-added = {2024-09-09 13:31:41 -0600},
	date-modified = {2024-09-09 13:31:41 -0600},
	journal = {American Journal of Physics},
	number = {2},
	pages = {103},
	publisher = {[Woodbury, NY, etc. Published for the American Association of Physics~{\ldots}},
	title = {Errors in Goldstein's Classical Mechanics},
	volume = {71},
	year = {2003}}

@misc{goldstein2eclassical,
	author = {Goldstein, Herbert},
	date-added = {2024-09-09 13:24:22 -0600},
	date-modified = {2024-09-09 13:25:24 -0600},
	publisher = {Addison-Wesley},
	title = {Classical mechanics},
	year = {1980}}

@article{osti_6712863,
	abstractnote = {This report describes errors in Herbert Goldstein's textbook Classical Mechanics, Second Edition (Copyright 1980, ISBN 0-201-02918-9). Some of the errors in current printings of the text were corrected in the second printing; however, after communicating with Addison Wesley, the publisher for Classical Mechanics, it was discovered that the corrected galley proofs had been lost by the printer and that no one had complained of any errors in the eleven years since the second printing. The errata sheet corrects errors from all printings of the second edition.},
	author = {Unseren, M A and Hoffman, F M},
	date-added = {2024-09-09 13:16:26 -0600},
	date-modified = {2024-09-09 13:16:26 -0600},
	doi = {10.2172/6712863},
	month = {1},
	place = {United States},
	title = {Errata report on Herbert Goldstein's Classical Mechanics: Second edition},
	url = {https://www.osti.gov/biblio/6712863},
	year = {1993},
	bdsk-url-1 = {https://www.osti.gov/biblio/6712863},
	bdsk-url-2 = {https://doi.org/10.2172/6712863}}

@article{ballesteros2009hamiltonian,
	author = {Ballesteros, Angel and Enciso, Alberto and Herranz, Francisco J and Ragnisco, Orlando},
	date-added = {2024-09-09 12:47:37 -0600},
	date-modified = {2024-09-09 12:47:37 -0600},
	journal = {Communications in Mathematical Physics},
	pages = {1033--1049},
	publisher = {Springer},
	title = {Hamiltonian systems admitting a Runge--Lenz vector and an optimal extension of Bertrand's theorem to curved manifolds},
	volume = {290},
	year = {2009}}

@article{carimalo2021dynamical,
	author = {Carimalo, Christian},
	date-added = {2024-09-09 12:47:37 -0600},
	date-modified = {2024-09-09 12:47:37 -0600},
	journal = {American Journal of Physics},
	number = {11},
	pages = {1012--1017},
	publisher = {AIP Publishing},
	title = {Dynamical symmetries behind Bertrand's theorem},
	volume = {89},
	year = {2021}}

@article{chin2015truly,
	author = {Chin, Siu A},
	date-added = {2024-09-09 12:47:37 -0600},
	date-modified = {2024-09-09 12:47:37 -0600},
	journal = {American Journal of Physics},
	number = {4},
	pages = {320--323},
	publisher = {AIP Publishing},
	title = {A truly elementary proof of Bertrand's theorem},
	volume = {83},
	year = {2015}}

@article{davies1990dispersion,
	author = {Davies, KTR and Davies, RW and White, GD},
	date-added = {2024-09-09 12:47:37 -0600},
	date-modified = {2024-09-09 12:47:37 -0600},
	journal = {Journal of mathematical physics},
	number = {6},
	pages = {1356--1373},
	publisher = {AIP Publishing},
	title = {Dispersion relations for causal Green's functions: Derivations using the Poincar{\'e}--Bertrand theorem and its generalizations},
	volume = {31},
	year = {1990}}

@article{jovanovic2015note,
	author = {Jovanovi\'{c}, Vladimir},
	date-added = {2024-09-09 12:47:37 -0600},
	date-modified = {2024-09-09 16:55:40 -0600},
	journal = {Theoretical and Applied Mechanics},
	number = {1},
	pages = {27--33},
	title = {A note on the proof of Bertrand's theorem},
	volume = {42},
	year = {2015}}

@article{leenheer2023comprehensive,
	author = {Leenheer, Patrick De and Musgrove, John and Schimleck, Tyler},
	date-added = {2024-09-09 12:47:37 -0600},
	date-modified = {2024-09-09 12:47:37 -0600},
	journal = {SIAM Review},
	number = {2},
	pages = {563--588},
	publisher = {SIAM},
	title = {A Comprehensive Proof of Bertrand's Theorem},
	volume = {65},
	year = {2023}}

@article{musgrove2020partial,
	author = {Musgrove, John F},
	date-added = {2024-09-09 12:47:37 -0600},
	date-modified = {2024-09-09 12:47:37 -0600},
	title = {A Partial Proof of Bertrand's Theorem},
	year = {2020}}

@article{onofri1978search,
	author = {Onofri, E and Pauri, M},
	date-added = {2024-09-09 12:47:37 -0600},
	date-modified = {2024-09-09 12:47:37 -0600},
	journal = {Journal of Mathematical Physics},
	number = {9},
	pages = {1850--1858},
	publisher = {AIP Publishing},
	title = {Search for periodic Hamiltonian flows: A generalized Bertrand's theorem},
	volume = {19},
	year = {1978}}

@article{quilantan1995alternative,
	author = {Quilant\'{a}n, Jos\'{e} Luis Castro and del R\'{i}o-Correa, Jos\'{e} Luis and Medina, Marco Antonio Rosales},
	date-added = {2024-09-09 12:47:37 -0600},
	date-modified = {2024-09-09 17:17:29 -0600},
	journal = {Revista Mexicana de F\'{i}sica},
	number = {5},
	pages = {867--877},
	title = {Alternative proof of Bertrand's theorem using a phase space approach},
	volume = {42},
	year = {1995}}

@article{salas1997superintegrability,
	author = {Salas-Brito, AL and N{\'u}nez-Y{\'e}pez, HN and Mart{\'\i}nez-y-Romero, RP},
	date-added = {2024-09-09 12:47:37 -0600},
	date-modified = {2024-09-09 12:47:37 -0600},
	journal = {International Journal of Modern Physics A},
	number = {01},
	pages = {271--276},
	publisher = {World Scientific},
	title = {Superintegrability in classical mechanics: A contemporary approach to Bertrand's theorem},
	volume = {12},
	year = {1997}}

@article{santos2007english,
	author = {Santos, FC and Soares, V and Tort, AC},
	date-added = {2024-09-09 12:47:37 -0600},
	date-modified = {2024-09-09 12:47:37 -0600},
	journal = {arXiv preprint arXiv:0704.2396},
	title = {An English translation o Bertrand's theorem},
	year = {2007}}

@article{santos2011english,
	author = {Santos, FC and Soares, V and Tort, AC},
	date-added = {2024-09-09 12:47:37 -0600},
	date-modified = {2024-09-09 12:47:37 -0600},
	journal = {Lat. Am. J. Phys. Educ},
	number = {4},
	pages = {694},
	title = {An English translation of Bertrand's theorem},
	volume = {5},
	year = {2011}}

@article{tikochinsky1988simplified,
	author = {Tikochinsky, Yoel},
	date-added = {2024-09-09 12:47:37 -0600},
	date-modified = {2024-09-09 12:47:37 -0600},
	journal = {American Journal of Physics},
	number = {12},
	pages = {1073--1075},
	title = {A simplified proof of Bertrand's theorem},
	volume = {56},
	year = {1988}}

@article{tu2019pedagogical,
	author = {TU, Jeevitha and Das, Sanjit},
	date-added = {2024-09-09 12:47:37 -0600},
	date-modified = {2024-09-09 12:47:37 -0600},
	journal = {Resonance},
	number = {11},
	pages = {1235--1251},
	publisher = {Springer},
	title = {A Pedagogical Relook at Bertrand's Theorem},
	volume = {24},
	year = {2019}}

@article{wu1998extension,
	author = {Wu, Zuo-Bing and Zeng, Jin-Yan},
	date-added = {2024-09-09 12:47:37 -0600},
	date-modified = {2024-09-09 12:47:37 -0600},
	journal = {Journal of Mathematical Physics},
	number = {10},
	pages = {5253--5259},
	publisher = {American Institute of Physics},
	title = {Extension of Bertrand's theorem and factorization of the radial Schr{\"o}dinger equation},
	volume = {39},
	year = {1998}}

@article{zagryadskii2012generalization,
	author = {Zagryadskii, Oleg A and Kudryavtseva, Elena A and Fedoseev, Denis A},
	date-added = {2024-09-09 12:47:37 -0600},
	date-modified = {2024-09-09 12:47:37 -0600},
	journal = {Sbornik: Mathematics},
	number = {8},
	pages = {1112},
	publisher = {IOP Publishing},
	title = {A generalization of Bertrand's theorem to surfaces of revolution},
	volume = {203},
	year = {2012}}

@article{herzberger1943direct,
	author = {Herzberger, M},
	date-added = {2024-08-25 15:32:59 -0600},
	date-modified = {2024-08-25 15:32:59 -0600},
	journal = {Transactions of the American Mathematical Society},
	number = {2},
	pages = {218--229},
	publisher = {JSTOR},
	title = {Direct methods in geometrical optics},
	volume = {53},
	year = {1943}}

@book{hecht1987optics,
	author = {Hecht, Jeff},
	date-added = {2024-08-25 15:25:15 -0600},
	date-modified = {2024-08-25 15:25:15 -0600},
	publisher = {Jeff Hecht},
	title = {Optics: light for a new age},
	year = {1987}}

@book{born2013principles,
	author = {Born, Max and Wolf, Emil},
	date-added = {2024-08-25 15:19:02 -0600},
	date-modified = {2024-08-25 15:19:02 -0600},
	publisher = {Elsevier},
	title = {Principles of optics: electromagnetic theory of propagation, interference and diffraction of light},
	year = {2013}}

@book{sors,
	author = {Jiasheng Tao},
	date-added = {2024-08-25 15:14:35 -0600},
	date-modified = {2024-08-25 15:16:04 -0600},
	publisher = {Springer},
	series = {Advances in Optics and Optoelectronics (AOO)},
	title = {Space Optical Remote Sensing: Fundamentals and System Design},
	year = {2003}}

@book{gu2013advanced,
	author = {Gu, Min},
	date-added = {2024-08-25 15:01:32 -0600},
	date-modified = {2024-08-25 15:01:32 -0600},
	publisher = {Springer},
	title = {Advanced optical imaging theory},
	volume = {75},
	year = {2013}}
