%% This BibTeX bibliography file was created using BibDesk.
%% https://bibdesk.sourceforge.io/

%% Created for Daniel M. Topa at 2024-12-08 22:51:48 -0500 


%% Saved with string encoding Unicode (UTF-8) 



@book{arfken2011mathematical,
	author = {Arfken, George B and Weber, Hans J and Harris, Frank E},
	date-added = {2024-12-08 22:51:19 -0500},
	date-modified = {2024-12-08 22:51:19 -0500},
	publisher = {Academic press},
	title = {Mathematical methods for physicists: a comprehensive guide},
	year = {2011}}

@article{simon2008orthogonal,
	author = {Simon, B and Silbermann, B},
	date-added = {2024-12-08 11:01:04 -0500},
	date-modified = {2024-12-08 11:01:04 -0500},
	journal = {Jahresbericht der Deutschen Mathematiker Vereinigung},
	number = {1},
	pages = {3--5},
	publisher = {Berlin: Georg Reimer, 1892-},
	title = {Orthogonal Polynomials on the Unit Circle. Part 1: Classical Theory, Part 2: Spectral Theory},
	volume = {110},
	year = {2008}}

@book{born2013principles,
	author = {Born, Max and Wolf, Emil},
	date-added = {2024-12-08 10:44:25 -0500},
	date-modified = {2024-12-08 10:44:25 -0500},
	publisher = {Elsevier},
	title = {Principles of optics: electromagnetic theory of propagation, interference and diffraction of light},
	year = {2013}}

@book{grafakos2008classical,
	author = {Grafakos, Loukas},
	date-added = {2024-12-08 10:31:31 -0500},
	date-modified = {2024-12-08 10:31:31 -0500},
	publisher = {Springer},
	title = {Classical fourier analysis},
	volume = {2},
	year = {2008}}

@book{grafakos2009modern,
	author = {Grafakos, Loukas},
	date-added = {2024-12-08 10:31:31 -0500},
	date-modified = {2024-12-08 10:31:31 -0500},
	publisher = {Springer},
	title = {Modern fourier analysis},
	volume = {250},
	year = {2009}}

@book{pereyra2012harmonic,
	author = {Pereyra, Mar{\'\i}a Cristina and Ward, Lesley A},
	date-added = {2024-12-08 10:31:31 -0500},
	date-modified = {2024-12-08 10:31:31 -0500},
	publisher = {American Mathematical Soc.},
	title = {Harmonic analysis: from Fourier to wavelets},
	volume = {63},
	year = {2012}}
