%% This BibTeX bibliography file was created using BibDesk.
%% https://bibdesk.sourceforge.io/

%% Created for Daniel M. Topa at 2024-10-04 15:21:22 -0600 


%% Saved with string encoding Unicode (UTF-8) 



@book{scheck2010mechanics,
	author = {Scheck, Florian},
	date-added = {2024-09-15 20:56:21 -0600},
	date-modified = {2024-09-15 20:56:21 -0600},
	publisher = {Springer Science \& Business Media},
	title = {Mechanics: from Newton's laws to deterministic chaos},
	year = {2010}}

@article{mysen2017equivalence,
	author = {Mysen, Eirik},
	date-added = {2024-09-12 14:12:29 -0600},
	date-modified = {2024-09-12 14:12:29 -0600},
	journal = {Journal of Geodesy},
	number = {1},
	pages = {41--52},
	publisher = {Springer},
	title = {On the equivalence of Kalman filtering and least-squares estimation},
	volume = {91},
	year = {2017}}

@book{garcia2023matrix,
	author = {Garcia, Stephan Ramon and Horn, Roger A},
	date-added = {2023-10-15 17:48:36 -0600},
	date-modified = {2023-10-15 17:48:36 -0600},
	publisher = {Cambridge University Press},
	title = {Matrix Mathematics: A Second Course in Linear Algebra},
	year = {2023}}

@book{goodman1968introduction,
	author = {Goodman, Joseph W},
	date-added = {2022-11-27 18:40:41 -0700},
	date-modified = {2022-11-27 18:41:26 -0700},
	publisher = {McGraw-Hill},
	title = {Introduction to Fourier Optics},
	year = {1968}}

@inproceedings{bhatia1954circle,
	author = {Bhatia, AB and Wolf, E},
	booktitle = {Mathematical Proceedings of the Cambridge Philosophical Society},
	date-added = {2022-11-27 16:26:33 -0700},
	date-modified = {2022-11-27 16:26:33 -0700},
	number = {1},
	organization = {Cambridge University Press},
	pages = {40--48},
	title = {On the circle polynomials of Zernike and related orthogonal sets},
	volume = {50},
	year = {1954}}

@article{zernike1934diffraction,
	author = {Zernike, Frits},
	date-added = {2022-11-27 16:14:06 -0700},
	date-modified = {2022-11-27 16:14:06 -0700},
	journal = {Monthly Notices of the Royal Astronomical Society},
	pages = {377--384},
	title = {Diffraction theory of the knife-edge test and its improved form, the phase-contrast method},
	volume = {94},
	year = {1934}}

@misc{branhamscientific,
	author = {Branham, RL},
	date-added = {2022-11-27 14:14:09 -0700},
	date-modified = {2022-11-27 14:14:09 -0700},
	publisher = {Springer-Verlag, New York},
	title = {Scientific Data Analysis: an introduction to overdetermined systems, 1990}}

@book{bevington2e,
	author = {Bevington, Philip R},
	date-added = {2022-11-27 14:10:11 -0700},
	date-modified = {2022-11-27 18:34:43 -0700},
	edition = {2},
	journal = {Computers in Physics},
	pages = {415--416},
	publisher = {McGraw-Hill},
	title = {Data reduction and error analysis for the physical sciences},
	year = {1969}}

@book{bjorck1996numerical,
	author = {Bj{\"o}rck, {\AA}ke},
	date-added = {2022-11-27 14:07:43 -0700},
	date-modified = {2022-11-27 14:07:43 -0700},
	publisher = {SIAM},
	title = {Numerical methods for least squares problems},
	year = {1996}}

@book{born2013principles,
	author = {Born, Max and Wolf, Emil},
	date-added = {2022-11-27 14:06:31 -0700},
	date-modified = {2022-11-27 14:06:31 -0700},
	publisher = {Elsevier},
	title = {Principles of optics: electromagnetic theory of propagation, interference and diffraction of light},
	year = {2013}}

@book{carrier2005functions,
	author = {Carrier, George F and Krook, Max and Pearson, Carl E},
	date-added = {2022-11-27 14:05:59 -0700},
	date-modified = {2022-11-27 14:05:59 -0700},
	publisher = {SIAM},
	title = {Functions of a complex variable: theory and technique},
	year = {2005}}

@book{chan2007milestones,
	author = {Chan, Raymond and Greif, Chen and O'Leary, Dianne},
	date-added = {2022-11-27 14:05:31 -0700},
	date-modified = {2022-11-27 14:05:31 -0700},
	publisher = {OUP Oxford},
	title = {Milestones in matrix computation: the selected works of Gene H. Golub with commentaries},
	year = {2007}}

@book{courant1998,
	author = {Courant, Richard and John, Fritz},
	date-added = {2022-11-27 14:04:39 -0700},
	date-modified = {2022-11-27 18:25:42 -0700},
	publisher = {Springer},
	title = {Introduction to Calculus and Analysis, Vol. 1},
	volume = {1},
	year = {1998}}

@misc{bjorck1996matrix,
	author = {Bjorck, Ake},
	date-added = {2022-11-27 14:03:34 -0700},
	date-modified = {2022-11-27 14:03:34 -0700},
	publisher = {Society for Industrial and Applied Mathematics, Philadelphia},
	title = {Matrix Computations},
	year = {1996}}

@book{coleman1988handbook,
	author = {Coleman, Thomas F and Van Loan, Charles},
	date-added = {2022-11-27 14:02:25 -0700},
	date-modified = {2022-11-27 14:02:25 -0700},
	publisher = {SIAM},
	title = {Handbook for matrix computations},
	year = {1988}}

@book{bjorck2015numerical,
	author = {Bj{\"o}rck, {\AA}ke},
	date-added = {2022-11-27 14:02:16 -0700},
	date-modified = {2022-11-27 14:02:16 -0700},
	publisher = {Springer},
	title = {Numerical methods in matrix computations},
	volume = {59},
	year = {2015}}

@book{stewart1973introduction,
	author = {Stewart, Gilbert W},
	date-added = {2022-11-27 14:02:10 -0700},
	date-modified = {2022-11-27 14:02:10 -0700},
	publisher = {Elsevier},
	title = {Introduction to matrix computations},
	year = {1973}}

@book{watkins2004fundamentals,
	author = {Watkins, David S},
	date-added = {2022-11-27 14:01:38 -0700},
	date-modified = {2022-11-27 14:01:38 -0700},
	publisher = {John Wiley \& Sons},
	title = {Fundamentals of matrix computations},
	year = {2004}}

@book{golub2013matrix,
	author = {Golub, Gene H and Van Loan, Charles F},
	date-added = {2022-11-27 14:01:33 -0700},
	date-modified = {2022-11-27 14:01:33 -0700},
	publisher = {JHU press},
	title = {Matrix computations},
	year = {2013}}

@book{grafakos2008classical,
	author = {Grafakos, Loukas},
	date-added = {2022-11-27 13:54:20 -0700},
	date-modified = {2022-11-27 13:54:20 -0700},
	publisher = {Springer},
	title = {Classical fourier analysis},
	volume = {2},
	year = {2008}}

@book{grafakos2009modern,
	author = {Grafakos, Loukas},
	date-added = {2022-11-27 13:54:12 -0700},
	date-modified = {2022-11-27 13:54:12 -0700},
	publisher = {Springer},
	title = {Modern fourier analysis},
	volume = {250},
	year = {2009}}

@misc{levesley2009functions,
	author = {Levesley, Jeremy},
	date-added = {2022-11-27 13:52:39 -0700},
	date-modified = {2022-11-27 13:52:39 -0700},
	publisher = {Oxford University Press},
	title = {Functions of matrices: Theory and computation},
	year = {2009}}

@book{howie2003complex,
	author = {Howie, John M},
	date-added = {2022-11-27 13:51:58 -0700},
	date-modified = {2022-11-27 13:51:58 -0700},
	publisher = {Springer Science \& Business Media},
	title = {Complex analysis},
	year = {2003}}

@misc{roger1994topics,
	author = {Roger, Horn and Charles, R Johnson},
	date-added = {2022-11-27 13:48:56 -0700},
	date-modified = {2022-11-27 13:48:56 -0700},
	publisher = {Cambridge University Press Cambridge, UK},
	title = {Topics in matrix analysis},
	year = {1994}}

@book{bellman1997introduction,
	author = {Bellman, Richard},
	date-added = {2022-11-27 13:45:57 -0700},
	date-modified = {2022-11-27 13:45:57 -0700},
	publisher = {SIAM},
	title = {Introduction to matrix analysis},
	year = {1997}}

@book{horn2012matrix,
	author = {Horn, Roger A and Johnson, Charles R},
	date-added = {2022-11-27 13:43:28 -0700},
	date-modified = {2022-11-27 13:43:28 -0700},
	publisher = {Cambridge university press},
	title = {Matrix analysis},
	year = {2012}}

@article{kanjin1985banach,
	author = {KANJIN, Y{\^U}ICHI},
	date-added = {2022-11-27 13:43:00 -0700},
	date-modified = {2022-11-27 13:43:00 -0700},
	journal = {Tohoku Mathematical Journal, Second Series},
	number = {3},
	pages = {395--404},
	publisher = {Mathematical Institute, Tohoku University},
	title = {Banach algebra related to disk polynomials},
	volume = {37},
	year = {1985}}

@book{lax2002functional,
	author = {Lax, Peter D},
	date-added = {2022-11-27 13:42:31 -0700},
	date-modified = {2022-11-27 13:42:31 -0700},
	publisher = {John Wiley \& Sons},
	title = {Functional analysis},
	volume = {55},
	year = {2002}}

@url{mercer2005finding,
	author = {Mercer, Idris D},
	date-added = {2022-11-27 13:41:56 -0700},
	date-modified = {2022-11-27 19:03:20 -0700},
	title = {Finding ``nonobvious'' nilpotent matrices},
	urldate = {http://www.idmercer.com/nilpotent.pdf},
	year = {2005}}

@book{meyer2000matrix,
	author = {Meyer, Carl D},
	date-added = {2022-11-27 13:40:27 -0700},
	date-modified = {2022-11-27 13:40:27 -0700},
	publisher = {Siam},
	title = {Matrix analysis and applied linear algebra},
	volume = {71},
	year = {2000}}

@book{laub2012computational,
	author = {Laub, Alan J},
	date-added = {2022-11-27 13:39:06 -0700},
	date-modified = {2022-11-27 13:39:06 -0700},
	publisher = {SIAM},
	title = {Computational matrix analysis},
	volume = {125},
	year = {2012}}

@book{laub2005matrix,
	author = {Laub, Alan J},
	date-added = {2022-11-27 13:30:09 -0700},
	date-modified = {2022-11-27 19:12:50 -0700},
	publisher = {SIAM},
	title = {Matrix analysis for scientists and engineers},
	volume = {91},
	year = {2005}}

@book{demmel1997applied,
	author = {Demmel, James W},
	date-added = {2022-11-27 13:29:18 -0700},
	date-modified = {2022-11-27 13:29:18 -0700},
	publisher = {SIAM},
	title = {Applied numerical linear algebra},
	year = {1997}}

@book{trefethen1997numerical,
	author = {Trefethen, Lloyd N and Bau III, David},
	date-added = {2022-11-27 13:28:27 -0700},
	date-modified = {2022-11-27 13:28:27 -0700},
	publisher = {Siam},
	title = {Numerical linear algebra},
	volume = {50},
	year = {1997}}

@book{simon2005orthogonal,
	author = {Simon, Barry},
	date-added = {2022-11-27 13:19:06 -0700},
	date-modified = {2022-11-27 13:19:06 -0700},
	publisher = {American Mathematical Soc.},
	title = {Orthogonal polynomials on the unit circle},
	year = {2005}}

@article{trent1981muntz,
	author = {Trent, Tavan T},
	date-added = {2022-11-27 13:07:26 -0700},
	date-modified = {2022-11-27 19:04:14 -0700},
	journal = {Proceedings of the American Mathematical Society},
	number = {2},
	pages = {296--298},
	title = {A \ms\ theorem for $C(\bar{D})$},
	volume = {83},
	year = {1981}}

@article{siegel1972muntz,
	author = {Siegel, Alan R},
	date-added = {2022-11-27 13:07:01 -0700},
	date-modified = {2022-11-27 13:07:01 -0700},
	journal = {Proceedings of the American Mathematical Society},
	number = {1},
	pages = {161--166},
	title = {On the M{\"u}ntz-Sz{\'a}sz theorem for 𝐶 [0, 1]},
	volume = {36},
	year = {1972}}

@book{rudin_principles_1976,
	address = {New York},
	author = {Rudin, Walter},
	date-added = {2022-11-27 12:58:22 -0700},
	date-modified = {2022-11-27 12:58:22 -0700},
	edition = {3d ed},
	file = {Rudin - 1976 - Principles of mathematical analysis.pdf:/Users/dantopa/Zotero/storage/KVDPVLX2/Rudin - 1976 - Principles of mathematical analysis.pdf:application/pdf},
	isbn = {978-0-07-054235-8},
	keywords = {Mathematical analysis},
	language = {en},
	publisher = {McGraw-Hill},
	series = {International series in pure and applied mathematics},
	title = {Principles of mathematical analysis},
	year = {1976}}
