%% This BibTeX bibliography file was created using BibDesk.
%% https://bibdesk.sourceforge.io/

%% Created for Daniel M. Topa at 2024-10-04 15:24:55 -0600 


%% Saved with string encoding Unicode (UTF-8) 



@book{Handbook,
	address = {New York, NY},
	author = {D. K. Barton, H.R. Ward},
	publisher = {Penguin Random House},
	title = {Handbook of Radar Measurement},
	year = 1969}
