





@book{doi:10.1137/1.9780898717822,
author = {Gil, Amparo and Segura, Javier and Temme, Nico M.},
title = {Numerical Methods for Special Functions},
publisher = {Society for Industrial and Applied Mathematics},
year = {2007},
doi = {10.1137/1.9780898717822},
address = {},
edition   = {},
URL = {https://epubs.siam.org/doi/abs/10.1137/1.9780898717822},
eprint = {https://epubs.siam.org/doi/pdf/10.1137/1.9780898717822}
}
