%% This BibTeX bibliography file was created using BibDesk.
%% https://bibdesk.sourceforge.io/

%% Created for Daniel M. Topa at 2024-10-04 15:23:52 -0600 


%% Saved with string encoding Unicode (UTF-8) 



@article{lin1997explicit,
	author = {Lin, Shian-Jiann and Rood, Richard B},
	date-added = {2024-10-02 21:48:17 -0600},
	date-modified = {2024-10-02 21:48:17 -0600},
	journal = {Quarterly Journal of the Royal Meteorological Society},
	number = {544},
	pages = {2477--2498},
	publisher = {Wiley Online Library},
	title = {An explicit flux-form semi-Lagrangian shallow-water model on the sphere},
	volume = {123},
	year = {1997}}

@article{nair2005discontinuous,
	author = {Nair, Ramachandran D and Thomas, Stephen J and Loft, Richard D},
	date-added = {2024-10-02 21:47:42 -0600},
	date-modified = {2024-10-02 21:47:42 -0600},
	journal = {Monthly weather review},
	number = {4},
	pages = {876--888},
	title = {A discontinuous Galerkin global shallow water model},
	volume = {133},
	year = {2005}}

@article{ranvcic1996global,
	author = {Ran{\v{c}}i{\'c}, M and Purser, RJ and Mesinger, F},
	date-added = {2024-10-02 21:46:43 -0600},
	date-modified = {2024-10-02 21:46:43 -0600},
	journal = {Quarterly Journal of the Royal Meteorological Society},
	number = {532},
	pages = {959--982},
	publisher = {Wiley Online Library},
	title = {A global shallow-water model using an expanded spherical cube: Gnomonic versus conformal coordinates},
	volume = {122},
	year = {1996}}

@article{lebedev1977spherical,
	author = {Lebedev, Vyacheslav Ivanovich},
	date-added = {2024-10-02 21:40:57 -0600},
	date-modified = {2024-10-02 21:40:57 -0600},
	journal = {Siberian Mathematical Journal},
	number = {1},
	pages = {99--107},
	publisher = {Springer},
	title = {Spherical quadrature formulas exact to orders 25--29},
	volume = {18},
	year = {1977}}

@article{ahrens2009rotationally,
	author = {Ahrens, Cory and Beylkin, Gregory},
	date-added = {2024-10-02 21:40:42 -0600},
	date-modified = {2024-10-02 21:40:42 -0600},
	journal = {Proceedings of the Royal Society A: Mathematical, Physical and Engineering Sciences},
	number = {2110},
	pages = {3103--3125},
	publisher = {The Royal Society Publishing},
	title = {Rotationally invariant quadratures for the sphere},
	volume = {465},
	year = {2009}}

@article{portelenelle2018efficient,
	author = {Portelenelle, Brice and Croisille, Jean-Pierre},
	date-added = {2024-10-02 21:40:23 -0600},
	date-modified = {2024-10-02 21:40:23 -0600},
	journal = {Journal of Computational and Applied Mathematics},
	pages = {59--74},
	publisher = {Elsevier},
	title = {An efficient quadrature rule on the cubed sphere},
	volume = {328},
	year = {2018}}

@article{bellet2022quadrature,
	author = {Bellet, Jean-Baptiste and Brachet, Matthieu and Croisille, Jean-Pierre},
	date-added = {2024-10-02 21:40:05 -0600},
	date-modified = {2024-10-02 21:40:05 -0600},
	journal = {Journal of Computational and Applied Mathematics},
	pages = {114142},
	publisher = {Elsevier},
	title = {Quadrature and symmetry on the Cubed Sphere},
	volume = {409},
	year = {2022}}

@article{bellet2023interpolation,
	author = {Bellet, Jean-Baptiste and Brachet, Matthieu and Croisille, Jean-Pierre},
	date-added = {2024-10-02 21:38:57 -0600},
	date-modified = {2024-10-02 21:38:57 -0600},
	journal = {Numerische Mathematik},
	number = {2},
	pages = {249--278},
	publisher = {Springer},
	title = {Interpolation on the cubed sphere with spherical harmonics},
	volume = {153},
	year = {2023}}

@article{chen2024exocubed,
	author = {Chen, Sihe and Li, Cheng},
	date-added = {2024-10-02 21:23:55 -0600},
	date-modified = {2024-10-02 21:23:55 -0600},
	journal = {The Astrophysical Journal},
	number = {1},
	pages = {123},
	publisher = {IOP Publishing},
	title = {ExoCubed: A Riemann-solver-based Cubed-sphere Dynamic Core for Planetary Atmospheres},
	volume = {966},
	year = {2024}}

@article{robeson1997spherical,
	author = {Robeson, Scott M},
	date-added = {2024-10-02 21:23:19 -0600},
	date-modified = {2024-10-02 21:23:19 -0600},
	journal = {Cartography and Geographic Information Systems},
	number = {1},
	pages = {3--20},
	publisher = {Taylor \& Francis},
	title = {Spherical methods for spatial interpolation: Review and evaluation},
	volume = {24},
	year = {1997}}

@article{croisille2015hermitian,
	author = {Croisille, Jean-Pierre},
	date-added = {2024-10-02 21:22:47 -0600},
	date-modified = {2024-10-02 21:22:47 -0600},
	journal = {Journal of Computational and Applied Mathematics},
	pages = {188--201},
	publisher = {Elsevier},
	title = {Hermitian approximation of the spherical divergence on the Cubed-Sphere},
	volume = {280},
	year = {2015}}

@article{jones2010comparisons,
	author = {Jones, Brandon A and Born, George H and Beylkin, Gregory},
	date-added = {2024-10-02 21:22:08 -0600},
	date-modified = {2024-10-02 21:22:08 -0600},
	journal = {Journal of guidance, control, and dynamics},
	number = {2},
	pages = {415--425},
	title = {Comparisons of the cubed-sphere gravity model with the spherical harmonics},
	volume = {33},
	year = {2010}}

@article{ronchi1996cubed,
	author = {Ronchi, Corrado and Iacono, Roberto and Paolucci, Pier S},
	date-added = {2024-10-02 21:21:44 -0600},
	date-modified = {2024-10-02 21:21:44 -0600},
	journal = {Journal of computational physics},
	number = {1},
	pages = {93--114},
	publisher = {Elsevier},
	title = {The ``cubed sphere'': A new method for the solution of partial differential equations in spherical geometry},
	volume = {124},
	year = {1996}}

@article{wahba1981spline,
	author = {Wahba, Grace},
	date-added = {2024-10-02 21:21:30 -0600},
	date-modified = {2024-10-02 21:21:30 -0600},
	journal = {SIAM Journal on Scientific and Statistical Computing},
	number = {1},
	pages = {5--16},
	publisher = {SIAM},
	title = {Spline interpolation and smoothing on the sphere},
	volume = {2},
	year = {1981}}

@article{croisille2013hermitian,
	author = {Croisille, Jean-Pierre},
	date-added = {2024-10-02 21:21:16 -0600},
	date-modified = {2024-10-02 21:21:16 -0600},
	journal = {Journal of Scientific Computing},
	pages = {193--212},
	publisher = {Springer},
	title = {Hermitian compact interpolation on the cubed-sphere grid},
	volume = {57},
	year = {2013}}

@book{atkinson2012spherical,
	author = {Atkinson, Kendall and Han, Weimin},
	date-added = {2024-10-02 21:16:34 -0600},
	date-modified = {2024-10-02 21:16:34 -0600},
	publisher = {Springer Science \& Business Media},
	title = {Spherical harmonics and approximations on the unit sphere: an introduction},
	volume = {2044},
	year = {2012}}

@book{dai2013approximation,
	author = {Dai, Feng},
	date-added = {2024-10-02 21:12:55 -0600},
	date-modified = {2024-10-02 21:12:55 -0600},
	publisher = {Springer},
	title = {Approximation theory and harmonic analysis on spheres and balls},
	year = {2013}}

@article{hesse2022l2,
	author = {Hesse, Kerstin and Le Gia, Quoc Thong},
	date-added = {2024-10-02 20:37:39 -0600},
	date-modified = {2024-10-02 20:37:39 -0600},
	journal = {Journal of Computational and Applied Mathematics},
	pages = {114118},
	publisher = {Elsevier},
	title = {L2 error estimates for polynomial discrete penalized least-squares approximation on the sphere from noisy data},
	volume = {408},
	year = {2022}}

@article{bauer2000distribution,
	author = {Bauer, Robert},
	date-added = {2024-10-02 20:35:21 -0600},
	date-modified = {2024-10-02 20:35:21 -0600},
	journal = {Journal of Guidance, Control, and Dynamics},
	number = {1},
	pages = {130--137},
	title = {Distribution of points on a sphere with application to star catalogs},
	volume = {23},
	year = {2000}}

@article{an2010well,
	author = {An, Congpei and Chen, Xiaojun and Sloan, Ian H and Womersley, Robert S},
	date-added = {2024-10-02 20:34:02 -0600},
	date-modified = {2024-10-02 20:34:02 -0600},
	journal = {SIAM journal on numerical analysis},
	number = {6},
	pages = {2135--2157},
	publisher = {SIAM},
	title = {Well conditioned spherical designs for integration and interpolation on the two-sphere},
	volume = {48},
	year = {2010}}

@article{an2012regularized,
	author = {An, Congpei and Chen, Xiaojun and Sloan, Ian H and Womersley, Robert S},
	date-added = {2024-10-02 20:32:34 -0600},
	date-modified = {2024-10-02 20:32:34 -0600},
	journal = {SIAM Journal on numerical analysis},
	number = {3},
	pages = {1513--1534},
	publisher = {SIAM},
	title = {Regularized least squares approximations on the sphere using spherical designs},
	volume = {50},
	year = {2012}}
