%% This BibTeX bibliography file was created using BibDesk.
%% https://bibdesk.sourceforge.io/

%% Created for Daniel Topa at 2024-11-23 15:19:39 -0700 


%% Saved with string encoding Unicode (UTF-8) 



@techreport{Grumman1981_MOTV,
	abstract = {This handbook describes the design, operational capabilities, and mission applications of the Manned Orbital Transfer Vehicle (MOTV). It includes configurations for crewed geosynchronous missions, interfaces, and subsystem specifications to meet NASA requirements.},
	address = {Bethpage, New York, USA},
	author = {Grumman Aerospace Corporation},
	date-added = {2024-11-23 15:19:31 -0700},
	date-modified = {2024-11-23 15:19:31 -0700},
	institution = {Grumman Aerospace Corporation},
	month = {February},
	title = {Manned Geosynchronous Mission Requirements and Systems Analysis Study Extension: Manned Orbital Transfer Vehicle (MOTV) Capabilities Handbook and User Guide},
	url = {https://ntrs.nasa.gov/search?q=Manned%20Orbital%20Transfer%20Vehicle},
	year = {1981},
	bdsk-url-1 = {https://ntrs.nasa.gov/search?q=Manned%20Orbital%20Transfer%20Vehicle}}

@techreport{Myers1973_ExecSummary,
	abstract = {The study explores the feasibility of employing multifunction geosynchronous platforms, traffic analysis, system requirements, and platform designs for NASA. This volume serves as an executive summary, synthesizing significant results and recommendations.},
	address = {Downey, California, USA},
	author = {H. L. Myers},
	date-added = {2024-11-23 15:18:49 -0700},
	date-modified = {2024-11-23 15:18:49 -0700},
	institution = {Rockwell International, Space Division},
	month = {6},
	title = {Geosynchronous Platform Definition Study: Executive Summary},
	url = {https://ntrs.nasa.gov/citations/19730020128},
	volume = {I},
	year = {1973},
	bdsk-url-1 = {https://ntrs.nasa.gov/citations/19730020128}}

@techreport{Myers1973_StudySummary,
	abstract = {Summarizes the comprehensive results, supporting data, conclusions, and recommendations derived from the study.},
	address = {Downey, California, USA},
	author = {H. L. Myers},
	date-added = {2024-11-23 15:18:49 -0700},
	date-modified = {2024-11-23 15:18:49 -0700},
	institution = {Rockwell International, Space Division},
	month = {6},
	title = {Geosynchronous Platform Definition Study: Overall Study Summary},
	url = {https://ntrs.nasa.gov/citations/19730020129},
	volume = {II},
	year = {1973},
	bdsk-url-1 = {https://ntrs.nasa.gov/citations/19730020129}}

@techreport{Myers1973_MissionCharacteristics,
	abstract = {Examines the nature of current and evolving geosynchronous programs, analyzing alternative mission approaches and system concepts.},
	address = {Downey, California, USA},
	author = {H. L. Myers},
	date-added = {2024-11-23 15:18:49 -0700},
	date-modified = {2024-11-23 15:18:49 -0700},
	institution = {Rockwell International, Space Division},
	month = {6},
	title = {Geosynchronous Platform Definition Study: Geosynchronous Mission Characteristics},
	url = {https://ntrs.nasa.gov/citations/19730020130},
	volume = {III},
	year = {1973},
	bdsk-url-1 = {https://ntrs.nasa.gov/citations/19730020130}}

@techreport{Myers1973_BaselineTraffic,
	abstract = {Presents traffic analyses and system requirements, leading to the development of a baseline traffic model.},
	address = {Downey, California, USA},
	author = {H. L. Myers},
	date-added = {2024-11-23 15:18:49 -0700},
	date-modified = {2024-11-23 15:18:49 -0700},
	institution = {Rockwell International, Space Division},
	month = {6},
	title = {Geosynchronous Platform Definition Study: Traffic Analysis and System Requirements for the Baseline Traffic Model},
	url = {https://ntrs.nasa.gov/citations/19730020131},
	volume = {IV Part 1},
	year = {1973},
	bdsk-url-1 = {https://ntrs.nasa.gov/citations/19730020131}}

@techreport{Myers1973_NewTrafficModel,
	abstract = {Provides a condensed summary of traffic analyses and system requirements for a new traffic model, highlighting key results.},
	address = {Downey, California, USA},
	author = {H. L. Myers},
	date-added = {2024-11-23 15:18:49 -0700},
	date-modified = {2024-11-23 15:18:49 -0700},
	institution = {Rockwell International, Space Division},
	month = {6},
	title = {Geosynchronous Platform Definition Study: Traffic Analysis and System Requirements for the New Traffic Model},
	url = {https://ntrs.nasa.gov/citations/19730020132},
	volume = {IV Part 2},
	year = {1973},
	bdsk-url-1 = {https://ntrs.nasa.gov/citations/19730020132}}

@techreport{Myers1973_PlatformSynthesis,
	abstract = {Describes the development of platform configurations, support subsystems, mission equipment, and servicing concepts.},
	address = {Downey, California, USA},
	author = {H. L. Myers},
	date-added = {2024-11-23 15:18:49 -0700},
	date-modified = {2024-11-23 15:18:49 -0700},
	institution = {Rockwell International, Space Division},
	month = {6},
	title = {Geosynchronous Platform Definition Study: Geosynchronous Platform Synthesis},
	url = {https://ntrs.nasa.gov/citations/19730020133},
	volume = {V},
	year = {1973},
	bdsk-url-1 = {https://ntrs.nasa.gov/citations/19730020133}}

@techreport{Myers1973_ProgramEvaluation,
	abstract = {Presents programmatic analyses, examining characteristics of alternative geosynchronous programs and providing recommendations.},
	address = {Downey, California, USA},
	author = {H. L. Myers},
	date-added = {2024-11-23 15:18:49 -0700},
	date-modified = {2024-11-23 15:18:49 -0700},
	institution = {Rockwell International, Space Division},
	month = {6},
	title = {Geosynchronous Platform Definition Study: Geosynchronous Program Evaluation and Recommendations},
	url = {https://ntrs.nasa.gov/citations/19730020134},
	volume = {VI},
	year = {1973},
	bdsk-url-1 = {https://ntrs.nasa.gov/citations/19730020134}}

@techreport{Myers1973_TransportationRequirements,
	abstract = {Analyzes and defines the interfaces between geosynchronous platforms and the space transportation system, including mission timelines and interface evaluations.},
	address = {Downey, California, USA},
	author = {H. L. Myers},
	date-added = {2024-11-23 15:18:49 -0700},
	date-modified = {2024-11-23 15:18:49 -0700},
	institution = {Rockwell International, Space Division},
	month = {6},
	title = {Geosynchronous Platform Definition Study: Geosynchronous Transportation Requirements},
	url = {https://ntrs.nasa.gov/citations/19730020135},
	volume = {VII},
	year = {1973},
	bdsk-url-1 = {https://ntrs.nasa.gov/citations/19730020135}}
