%% This BibTeX bibliography file was created using BibDesk.
%% https://bibdesk.sourceforge.io/

%% Created for Daniel M. Topa at 2024-09-04 14:28:09 -0600 


%% Saved with string encoding Unicode (UTF-8) 



@techreport{birch1991soviet,
	author = {Birch, JN and Campanella, SJ and Gordon, GD and McElroy, DR and Pritchard, WL and Stamminger, R},
	date-added = {2024-09-04 14:28:05 -0600},
	date-modified = {2024-09-04 14:28:05 -0600},
	institution = {Science Applications International Corp., San Diego, CA (United States)},
	title = {Soviet satellite communications science and technology},
	year = {1991}}

@article{davies1990dispersion,
	author = {Davies, KTR and Davies, RW and White, GD},
	date-added = {2024-09-04 11:29:04 -0600},
	date-modified = {2024-09-04 11:29:04 -0600},
	journal = {Journal of mathematical physics},
	number = {6},
	pages = {1356--1373},
	publisher = {AIP Publishing},
	title = {Dispersion relations for causal Green's functions: Derivations using the Poincar{\'e}--Bertrand theorem and its generalizations},
	volume = {31},
	year = {1990}}

@article{wu1998extension,
	author = {Wu, Zuo-Bing and Zeng, Jin-Yan},
	date-added = {2024-09-04 11:21:54 -0600},
	date-modified = {2024-09-04 11:21:54 -0600},
	journal = {Journal of Mathematical Physics},
	number = {10},
	pages = {5253--5259},
	publisher = {American Institute of Physics},
	title = {Extension of Bertrand's theorem and factorization of the radial Schr{\"o}dinger equation},
	volume = {39},
	year = {1998}}

@article{ballesteros2009hamiltonian,
	author = {Ballesteros, Angel and Enciso, Alberto and Herranz, Francisco J and Ragnisco, Orlando},
	date-added = {2024-09-04 11:21:32 -0600},
	date-modified = {2024-09-04 11:21:32 -0600},
	journal = {Communications in Mathematical Physics},
	pages = {1033--1049},
	publisher = {Springer},
	title = {Hamiltonian systems admitting a Runge--Lenz vector and an optimal extension of Bertrand's theorem to curved manifolds},
	volume = {290},
	year = {2009}}

@article{zagryadskii2012generalization,
	author = {Zagryadskii, Oleg A and Kudryavtseva, Elena A and Fedoseev, Denis A},
	date-added = {2024-09-04 11:15:37 -0600},
	date-modified = {2024-09-04 11:15:37 -0600},
	journal = {Sbornik: Mathematics},
	number = {8},
	pages = {1112},
	publisher = {IOP Publishing},
	title = {A generalization of Bertrand's theorem to surfaces of revolution},
	volume = {203},
	year = {2012}}

@article{quilantan1995alternative,
	author = {Quilant{\'a}n, Jos{\'e} Luis Castro and del R{\'\i}o-Correa, Jos{\'e} Luis and Medina, Marco Antonio Rosales},
	date-added = {2024-09-04 11:15:19 -0600},
	date-modified = {2024-09-04 11:15:19 -0600},
	journal = {Revista Mexicana de F{\'\i}sica},
	number = {5},
	pages = {867--877},
	title = {Alternative proof of Bertrand's theorem using a phase space approach},
	volume = {42},
	year = {1995}}

@article{onofri1978search,
	author = {Onofri, E and Pauri, M},
	date-added = {2024-09-04 11:15:02 -0600},
	date-modified = {2024-09-04 11:15:02 -0600},
	journal = {Journal of Mathematical Physics},
	number = {9},
	pages = {1850--1858},
	publisher = {AIP Publishing},
	title = {Search for periodic Hamiltonian flows: A generalized Bertrand's theorem},
	volume = {19},
	year = {1978}}

@article{carimalo2021dynamical,
	author = {Carimalo, Christian},
	date-added = {2024-09-04 11:14:41 -0600},
	date-modified = {2024-09-04 11:14:41 -0600},
	journal = {American Journal of Physics},
	number = {11},
	pages = {1012--1017},
	publisher = {AIP Publishing},
	title = {Dynamical symmetries behind Bertrand's theorem},
	volume = {89},
	year = {2021}}

@article{tikochinsky1988simplified,
	author = {Tikochinsky, Yoel},
	date-added = {2024-09-04 11:14:03 -0600},
	date-modified = {2024-09-04 11:14:03 -0600},
	journal = {American Journal of Physics},
	number = {12},
	pages = {1073--1075},
	title = {A simplified proof of Bertrand's theorem},
	volume = {56},
	year = {1988}}

@article{tu2019pedagogical,
	author = {TU, Jeevitha and Das, Sanjit},
	date-added = {2024-09-04 11:11:16 -0600},
	date-modified = {2024-09-04 11:11:16 -0600},
	journal = {Resonance},
	number = {11},
	pages = {1235--1251},
	publisher = {Springer},
	title = {A Pedagogical Relook at Bertrand's Theorem},
	volume = {24},
	year = {2019}}

@article{salas1997superintegrability,
	author = {Salas-Brito, AL and N{\'u}nez-Y{\'e}pez, HN and Mart{\'\i}nez-y-Romero, RP},
	date-added = {2024-09-04 11:10:27 -0600},
	date-modified = {2024-09-04 11:10:27 -0600},
	journal = {International Journal of Modern Physics A},
	number = {01},
	pages = {271--276},
	publisher = {World Scientific},
	title = {Superintegrability in classical mechanics: A contemporary approach to Bertrand's theorem},
	volume = {12},
	year = {1997}}

@article{perlick1992bertrand,
	author = {Perlick, Volker},
	date-added = {2024-09-04 11:09:47 -0600},
	date-modified = {2024-09-04 11:09:47 -0600},
	journal = {Classical and Quantum Gravity},
	number = {4},
	pages = {1009},
	publisher = {IOP Publishing},
	title = {Bertrand spacetimes},
	volume = {9},
	year = {1992}}

@article{chin2015truly,
	author = {Chin, Siu A},
	date-added = {2024-09-04 11:04:24 -0600},
	date-modified = {2024-09-04 11:04:24 -0600},
	journal = {American Journal of Physics},
	number = {4},
	pages = {320--323},
	publisher = {AIP Publishing},
	title = {A truly elementary proof of Bertrand's theorem},
	volume = {83},
	year = {2015}}

@article{musgrove2020partial,
	author = {Musgrove, John F},
	date-added = {2024-09-04 11:01:19 -0600},
	date-modified = {2024-09-04 11:01:19 -0600},
	title = {A Partial Proof of Bertrand's Theorem},
	year = {2020}}

@article{jovanovic2015note,
	author = {Jovanovi{\'c}, Vladimir},
	date-added = {2024-09-04 10:57:36 -0600},
	date-modified = {2024-09-04 10:57:36 -0600},
	journal = {Theoretical and Applied Mechanics},
	number = {1},
	pages = {27--33},
	title = {A note on the proof of Bertrand's theorem},
	volume = {42},
	year = {2015}}

@article{leenheer2023comprehensive,
	author = {Leenheer, Patrick De and Musgrove, John and Schimleck, Tyler},
	date-added = {2024-09-04 10:56:06 -0600},
	date-modified = {2024-09-04 10:56:06 -0600},
	journal = {SIAM Review},
	number = {2},
	pages = {563--588},
	publisher = {SIAM},
	title = {A Comprehensive Proof of Bertrand's Theorem},
	volume = {65},
	year = {2023}}

@article{santos2007english,
	author = {Santos, FC and Soares, V and Tort, AC},
	date-added = {2024-09-04 10:54:55 -0600},
	date-modified = {2024-09-04 10:54:55 -0600},
	journal = {arXiv preprint arXiv:0704.2396},
	title = {An English translation o Bertrand's theorem},
	year = {2007}}

@article{santos2011english,
	author = {Santos, FC and Soares, V and Tort, AC},
	date-added = {2024-09-04 10:54:32 -0600},
	date-modified = {2024-09-04 10:54:32 -0600},
	journal = {Lat. Am. J. Phys. Educ},
	number = {4},
	pages = {694},
	title = {An English translation of Bertrand's theorem},
	volume = {5},
	year = {2011}}

@article{broucke1981lagrangian,
	author = {Broucke, R},
	date-added = {2024-08-30 09:53:01 -0600},
	date-modified = {2024-08-30 09:53:01 -0600},
	journal = {Celestial mechanics},
	number = {2},
	pages = {185--193},
	publisher = {Springer},
	title = {The Lagrangian theory of St{\"a}ckel systems},
	volume = {25},
	year = {1981}}

@book{abraham2008foundations,
	author = {Abraham, Ralph and Marsden, Jerrold E},
	date-added = {2024-08-30 09:35:53 -0600},
	date-modified = {2024-08-30 09:35:53 -0600},
	number = {364},
	publisher = {American Mathematical Soc.},
	title = {Foundations of mechanics},
	year = {2008}}

@article{chang2013overview,
	author = {CHANG, ALAN},
	date-added = {2024-08-30 09:34:45 -0600},
	date-modified = {2024-08-30 09:34:45 -0600},
	title = {An overview of the Hamilton-Jacobi equation},
	year = {2013}}

@article{houchmandzadeh2020hamilton,
	author = {Houchmandzadeh, Bahram},
	date-added = {2024-08-30 09:33:44 -0600},
	date-modified = {2024-08-30 09:33:44 -0600},
	journal = {American Journal of Physics},
	number = {5},
	pages = {353--359},
	publisher = {AIP Publishing},
	title = {The Hamilton--Jacobi equation: an alternative approach},
	volume = {88},
	year = {2020}}

@article{garfinkel1966lagrange,
	author = {Garfinkel, Boris},
	date-added = {2024-08-30 09:32:17 -0600},
	date-modified = {2024-08-30 09:32:17 -0600},
	journal = {Space Mathematics},
	pages = {40},
	publisher = {American Mathematical Society},
	title = {The Lagrange-Hamilton-Jacobi Mechanics},
	volume = {5},
	year = {1966}}
