%% This BibTeX bibliography file was created using BibDesk.
%% https://bibdesk.sourceforge.io/

%% Created for Daniel Topa at 2024-11-27 18:35:53 -0700 


%% Saved with string encoding Unicode (UTF-8) 



@techreport{Myers1973_vol_VI,
	abstract = {Presents programmatic analyses, examining characteristics of alternative geosynchronous programs and providing recommendations.},
	author = {H. L. Myers},
	date-added = {2024-11-24 16:13:54 -0700},
	date-modified = {2024-11-24 16:13:54 -0700},
	institution = {Rockwell International, Space Division},
	location = {Downey, California, USA},
	month = {June},
	note = {Volume VI},
	subtitle = {Geosynchronous Program Evaluation and Recommendations},
	title = {Geosynchronous Platform Definition Study},
	url = {https://ntrs.nasa.gov/citations/19730020134},
	year = {1973},
	bdsk-url-1 = {https://ntrs.nasa.gov/citations/19730020134}}

@techreport{Grumman1981_MOTV,
	abstract = {This handbook describes the design, operational capabilities, and mission applications of the Manned Orbital Transfer Vehicle (MOTV). It includes configurations for crewed geosynchronous missions, interfaces, and subsystem specifications to meet NASA requirements.},
	author = {Grumman Aerospace Corporation},
	date-added = {2024-11-24 16:13:09 -0700},
	date-modified = {2024-11-24 16:13:09 -0700},
	institution = {Grumman Aerospace Corporation},
	location = {Bethpage, New York, USA},
	month = {February},
	note = {Capabilities Handbook},
	subtitle = {Manned Orbital Transfer Vehicle (MOTV) Capabilities Handbook and User Guide},
	title = {Manned Geosynchronous Mission Requirements and Systems Analysis Study Extension},
	url = {https://ntrs.nasa.gov/search?q=Manned%20Orbital%20Transfer%20Vehicle},
	year = {1981},
	bdsk-url-1 = {https://ntrs.nasa.gov/search?q=Manned%20Orbital%20Transfer%20Vehicle}}

@techreport{Myers1973_vol_I,
	abstract = {The study explores the feasibility of employing multifunction geosynchronous platforms, traffic analysis, system requirements, and platform designs for NASA. This volume serves as an executive summary, synthesizing significant results and recommendations.},
	author = {H. L. Myers},
	date-added = {2024-11-24 16:13:09 -0700},
	date-modified = {2024-11-24 16:13:09 -0700},
	institution = {Rockwell International, Space Division},
	location = {Downey, California, USA},
	month = {June},
	note = {Volume I},
	subtitle = {Executive Summary},
	title = {Geosynchronous Platform Definition Study},
	url = {https://ntrs.nasa.gov/citations/19730020128},
	year = {1973},
	bdsk-url-1 = {https://ntrs.nasa.gov/citations/19730020128}}

@techreport{Myers1973_vol_II,
	abstract = {Summarizes the comprehensive results, supporting data, conclusions, and recommendations derived from the study.},
	author = {H. L. Myers},
	date-added = {2024-11-24 16:13:09 -0700},
	date-modified = {2024-11-24 16:13:09 -0700},
	institution = {Rockwell International, Space Division},
	location = {Downey, California, USA},
	month = {June},
	note = {Volume II},
	subtitle = {Overall Study Summary},
	title = {Geosynchronous Platform Definition Study},
	url = {https://ntrs.nasa.gov/citations/19730020129},
	year = {1973},
	bdsk-url-1 = {https://ntrs.nasa.gov/citations/19730020129}}

@techreport{Myers1973_vol_III,
	abstract = {Examines the nature of current and evolving geosynchronous programs, analyzing alternative mission approaches and system concepts.},
	author = {H. L. Myers},
	date-added = {2024-11-24 16:13:09 -0700},
	date-modified = {2024-11-24 16:13:09 -0700},
	institution = {Rockwell International, Space Division},
	location = {Downey, California, USA},
	month = {June},
	note = {Volume III},
	subtitle = {Geosynchronous Mission Characteristics},
	title = {Geosynchronous Platform Definition Study},
	url = {https://ntrs.nasa.gov/citations/19730020130},
	year = {1973},
	bdsk-url-1 = {https://ntrs.nasa.gov/citations/19730020130}}

@techreport{Myers1973_vol_IV_Part1,
	abstract = {Presents traffic analyses and system requirements, leading to the development of a baseline traffic model.},
	author = {H. L. Myers},
	date-added = {2024-11-24 16:13:09 -0700},
	date-modified = {2024-11-24 16:13:09 -0700},
	institution = {Rockwell International, Space Division},
	location = {Downey, California, USA},
	month = {June},
	note = {Volume IV, Part 1},
	subtitle = {Traffic Analysis and System Requirements for the Baseline Traffic Model},
	title = {Geosynchronous Platform Definition Study},
	url = {https://ntrs.nasa.gov/citations/19730020131},
	year = {1973},
	bdsk-url-1 = {https://ntrs.nasa.gov/citations/19730020131}}

@techreport{Myers1973_vol_IV_Part2,
	abstract = {Provides a condensed summary of traffic analyses and system requirements for a new traffic model, highlighting key results.},
	author = {H. L. Myers},
	date-added = {2024-11-24 16:13:09 -0700},
	date-modified = {2024-11-24 16:13:09 -0700},
	institution = {Rockwell International, Space Division},
	location = {Downey, California, USA},
	month = {June},
	note = {Volume IV, Part 2},
	subtitle = {Traffic Analysis and System Requirements for the New Traffic Model},
	title = {Geosynchronous Platform Definition Study},
	url = {https://ntrs.nasa.gov/citations/19730020132},
	year = {1973},
	bdsk-url-1 = {https://ntrs.nasa.gov/citations/19730020132}}

@techreport{Myers1973_vol_V,
	abstract = {Describes the development of platform configurations, support subsystems, mission equipment, and servicing concepts.},
	author = {H. L. Myers},
	date-added = {2024-11-24 16:13:09 -0700},
	date-modified = {2024-11-24 16:13:09 -0700},
	institution = {Rockwell International, Space Division},
	location = {Downey, California, USA},
	month = {June},
	note = {Volume V},
	subtitle = {Geosynchronous Platform Synthesis},
	title = {Geosynchronous Platform Definition Study},
	url = {https://ntrs.nasa.gov/citations/19730020133},
	year = {1973},
	bdsk-url-1 = {https://ntrs.nasa.gov/citations/19730020133}}

@techreport{Myers1973_vol_VII,
	abstract = {Presents programmatic analyses, examining characteristics of alternative geosynchronous programs and providing recommendations.},
	author = {H. L. Myers},
	date-added = {2024-11-24 16:13:09 -0700},
	date-modified = {2024-11-24 16:14:55 -0700},
	institution = {Rockwell International, Space Division},
	location = {Downey, California, USA},
	month = {June},
	note = {Volume VII},
	subtitle = {Geosynchronous Transportation Requirements},
	title = {Geosynchronous Platform Definition Study},
	url = {https://ntrs.nasa.gov/citations/19730020135},
	year = {1973},
	bdsk-url-1 = {https://ntrs.nasa.gov/citations/19730020134}}
