%% This BibTeX bibliography file was created using BibDesk.
%% https://bibdesk.sourceforge.io/

%% Created for Daniel Topa at 2024-11-24 15:47:45 -0700 


%% Saved with string encoding Unicode (UTF-8) 



@book{smith2023vol1,
	author = {John Smith},
	date-added = {2024-11-24 15:47:05 -0700},
	date-modified = {2024-11-24 15:47:05 -0700},
	location = {New York},
	publisher = {Academic Press},
	subtitle = {Foundations of Information},
	title = {The Comprehensive Guide to Library Sciences},
	volume = {I},
	year = {2023}}

@book{smith2023vol2,
	author = {John Smith},
	date-added = {2024-11-24 15:47:05 -0700},
	date-modified = {2024-11-24 15:47:05 -0700},
	location = {New York},
	publisher = {Academic Press},
	subtitle = {Cataloging and Metadata},
	title = {The Comprehensive Guide to Library Sciences},
	volume = {II},
	year = {2023}}

@book{smith2023vol3,
	author = {John Smith},
	date-added = {2024-11-24 15:47:05 -0700},
	date-modified = {2024-11-24 15:47:05 -0700},
	location = {New York},
	publisher = {Academic Press},
	subtitle = {Information Retrieval and Access},
	title = {The Comprehensive Guide to Library Sciences},
	volume = {III},
	year = {2023}}

@book{smith2023vol4part1,
	author = {John Smith},
	date-added = {2024-11-24 15:47:05 -0700},
	date-modified = {2024-11-24 15:47:05 -0700},
	location = {New York},
	note = {Part 1},
	publisher = {Academic Press},
	subtitle = {Digital Collections and Archives},
	title = {The Comprehensive Guide to Library Sciences},
	volume = {IV},
	year = {2023}}

@book{smith2023vol4part2,
	author = {John Smith},
	date-added = {2024-11-24 15:47:05 -0700},
	date-modified = {2024-11-24 15:47:05 -0700},
	location = {New York},
	note = {Part 2},
	publisher = {Academic Press},
	subtitle = {Emerging Technologies in Libraries},
	title = {The Comprehensive Guide to Library Sciences},
	volume = {IV},
	year = {2023}}

@book{smith2023vol5,
	author = {John Smith},
	date-added = {2024-11-24 15:47:05 -0700},
	date-modified = {2024-11-24 15:47:05 -0700},
	location = {New York},
	publisher = {Academic Press},
	subtitle = {User-Centered Services},
	title = {The Comprehensive Guide to Library Sciences},
	volume = {V},
	year = {2023}}

@book{smith2023vol6,
	author = {John Smith},
	date-added = {2024-11-24 15:47:05 -0700},
	date-modified = {2024-11-24 15:47:05 -0700},
	location = {New York},
	publisher = {Academic Press},
	subtitle = {Research Methods and Assessment},
	title = {The Comprehensive Guide to Library Sciences},
	volume = {VI},
	year = {2023}}

@book{smith2023vol7,
	author = {John Smith},
	date-added = {2024-11-24 15:47:05 -0700},
	date-modified = {2024-11-24 15:47:05 -0700},
	location = {New York},
	publisher = {Academic Press},
	subtitle = {Global Perspectives and Ethics},
	title = {The Comprehensive Guide to Library Sciences},
	volume = {VII},
	year = {2023}}

@book{smith2023allvols,
	author = {John Smith},
	date-added = {2024-11-24 15:47:05 -0700},
	date-modified = {2024-11-24 15:47:05 -0700},
	location = {New York},
	note = {7 vols.},
	publisher = {Academic Press},
	title = {The Comprehensive Guide to Library Sciences},
	year = {2023}}
