%% This BibTeX bibliography file was created using BibDesk.
%% https://bibdesk.sourceforge.io/

%% Created for Daniel M. Topa at 2024-09-13 19:46:36 -0600 


%% Saved with string encoding Unicode (UTF-8) 



@article{CREUTZ20082349,
	abstract = {In 1976 't Hooft introduced an elegant approach towards understanding the physical consequences of the topological structures that appear in non-Abelian gauge theories. These effects are concisely summarized in terms of an effective multi-fermion interaction. These old arguments provide a link between a variety of recent and sometimes controversial ideas including discrete chiral symmetries appearing in some models for unification, ambiguities in the definition of quark masses, and flaws with some simulation algorithms in lattice gauge theory.},
	author = {Michael Creutz},
	date-added = {2024-09-13 15:45:18 -0600},
	date-modified = {2024-09-13 15:45:18 -0600},
	doi = {https://doi.org/10.1016/j.aop.2007.12.008},
	issn = {0003-4916},
	journal = {Annals of Physics},
	keywords = {Quantum chromodynamics, Chiral anomalies, Gauge field topology},
	number = {9},
	pages = {2349-2365},
	title = {The 't Hooft vertex revisited},
	url = {https://www.sciencedirect.com/science/article/pii/S0003491607001935},
	volume = {323},
	year = {2008},
	bdsk-url-1 = {https://www.sciencedirect.com/science/article/pii/S0003491607001935},
	bdsk-url-2 = {https://doi.org/10.1016/j.aop.2007.12.008}}

@article{TANG2021121942,
	abstract = {Quarkonium has been proposed as a sensitive probe of quark-gluon plasma (QGP) more than thirty years ago. Since then, lots of experimental efforts have been devoted to study its production in heavy-ion collisions to search for QGP and study its properties and significant progresses have been made. In this paper, an overview of recent experimental results on charmonium and bottomonium production in heavy-ion collisions as well as in small systems are presented. Furthermore, the results on exotic particle X(3872) production in Pb+Pb and p+p collisions are also discussed.},
	author = {Zebo Tang},
	date-added = {2024-09-13 15:44:50 -0600},
	date-modified = {2024-09-13 15:44:50 -0600},
	doi = {https://doi.org/10.1016/j.nuclphysa.2020.121942},
	issn = {0375-9474},
	journal = {Nuclear Physics A},
	keywords = {Quarkonium, Heavy Flavor, Relativistic Heavy-ion collisions, Quark-Gluon Plasma},
	note = {The 28th International Conference on Ultra-relativistic Nucleus-Nucleus Collisions: Quark Matter 2019},
	pages = {121942},
	title = {Quarkonium production: An experimental overview},
	url = {https://www.sciencedirect.com/science/article/pii/S0375947420302529},
	volume = {1005},
	year = {2021},
	bdsk-url-1 = {https://www.sciencedirect.com/science/article/pii/S0375947420302529},
	bdsk-url-2 = {https://doi.org/10.1016/j.nuclphysa.2020.121942}}

@misc{enwiki:1188516830,
	author = {{Wikipedia contributors}},
	date-added = {2024-09-13 14:32:34 -0600},
	date-modified = {2024-09-13 14:35:50 -0600},
	howpublished = {\url{https://en.wikipedia.org/w/index.php?title=Bertrand\%27s_theorem&oldid=1188516830}},
	note = {[Online; accessed 13-September-2024]},
	title = {Bertrand's theorem --- {Wikipedia}{,} The Free Encyclopedia},
	year = {2023}}

@article{PhysRevA.99.032116,
	author = {Suta, Markus and Mannel, Thomas},
	date-added = {2024-09-13 14:25:37 -0600},
	date-modified = {2024-09-13 14:25:37 -0600},
	doi = {10.1103/PhysRevA.99.032116},
	issue = {3},
	journal = {Phys. Rev. A},
	month = {Mar},
	numpages = {10},
	pages = {032116},
	publisher = {American Physical Society},
	title = {Dynamical symmetries hidden in the form of the potential},
	url = {https://link.aps.org/doi/10.1103/PhysRevA.99.032116},
	volume = {99},
	year = {2019},
	bdsk-url-1 = {https://link.aps.org/doi/10.1103/PhysRevA.99.032116},
	bdsk-url-2 = {https://doi.org/10.1103/PhysRevA.99.032116}}

@article{PhysRevD.10.1749,
	author = {Michael, Creutz},
	date-added = {2024-09-13 14:25:37 -0600},
	date-modified = {2024-09-13 14:25:37 -0600},
	doi = {10.1103/PhysRevD.10.1749},
	issue = {6},
	journal = {Phys. Rev. D},
	month = {Sep},
	numpages = {0},
	pages = {1749--1752},
	publisher = {American Physical Society},
	title = {Quark "bags" and local field theory},
	url = {https://link.aps.org/doi/10.1103/PhysRevD.10.1749},
	volume = {10},
	year = {1974},
	bdsk-url-1 = {https://link.aps.org/doi/10.1103/PhysRevD.10.1749},
	bdsk-url-2 = {https://doi.org/10.1103/PhysRevD.10.1749}}

@article{PhysRevD.10.2445,
	author = {Wilson, Kenneth G.},
	date-added = {2024-09-13 14:25:37 -0600},
	date-modified = {2024-09-13 14:25:37 -0600},
	doi = {10.1103/PhysRevD.10.2445},
	issue = {8},
	journal = {Phys. Rev. D},
	month = {Oct},
	numpages = {0},
	pages = {2445--2459},
	publisher = {American Physical Society},
	title = {Confinement of quarks},
	url = {https://link.aps.org/doi/10.1103/PhysRevD.10.2445},
	volume = {10},
	year = {1974},
	bdsk-url-1 = {https://link.aps.org/doi/10.1103/PhysRevD.10.2445},
	bdsk-url-2 = {https://doi.org/10.1103/PhysRevD.10.2445}}

@article{PhysRevD.10.2696,
	author = {Creutz, Michael},
	date-added = {2024-09-13 14:25:37 -0600},
	date-modified = {2024-09-13 14:25:37 -0600},
	doi = {10.1103/PhysRevD.10.2696},
	issue = {8},
	journal = {Phys. Rev. D},
	month = {Oct},
	numpages = {0},
	pages = {2696--2699},
	publisher = {American Physical Society},
	title = {Higgs mechanism and quark confinement},
	url = {https://link.aps.org/doi/10.1103/PhysRevD.10.2696},
	volume = {10},
	year = {1974},
	bdsk-url-1 = {https://link.aps.org/doi/10.1103/PhysRevD.10.2696},
	bdsk-url-2 = {https://doi.org/10.1103/PhysRevD.10.2696}}

@article{PhysRevD.12.443,
	author = {Creutz, Michael and Soh, Kwang Sup},
	date-added = {2024-09-13 14:25:37 -0600},
	date-modified = {2024-09-13 14:25:37 -0600},
	doi = {10.1103/PhysRevD.12.443},
	issue = {2},
	journal = {Phys. Rev. D},
	month = {Jul},
	numpages = {0},
	pages = {443--447},
	publisher = {American Physical Society},
	title = {Quark bags and local field theory. II. Confinement of Fermi and vector fields},
	url = {https://link.aps.org/doi/10.1103/PhysRevD.12.443},
	volume = {12},
	year = {1975},
	bdsk-url-1 = {https://link.aps.org/doi/10.1103/PhysRevD.12.443},
	bdsk-url-2 = {https://doi.org/10.1103/PhysRevD.12.443}}

@article{PhysRevD.16.1119,
	author = {Brandt, Richard A. and Jackson, Thomas L. and Wing-Chiu, Ng and Young, Kenneth},
	date-added = {2024-09-13 14:25:37 -0600},
	date-modified = {2024-09-13 14:25:37 -0600},
	doi = {10.1103/PhysRevD.16.1119},
	issue = {4},
	journal = {Phys. Rev. D},
	month = {Aug},
	numpages = {0},
	pages = {1119--1129},
	publisher = {American Physical Society},
	title = {Color confinement},
	url = {https://link.aps.org/doi/10.1103/PhysRevD.16.1119},
	volume = {16},
	year = {1977},
	bdsk-url-1 = {https://link.aps.org/doi/10.1103/PhysRevD.16.1119},
	bdsk-url-2 = {https://doi.org/10.1103/PhysRevD.16.1119}}

@article{PhysRevD.24.450,
	author = {McLerran, Larry D. and Svetitsky, Benjamin},
	date-added = {2024-09-13 14:25:37 -0600},
	date-modified = {2024-09-13 14:25:37 -0600},
	doi = {10.1103/PhysRevD.24.450},
	issue = {2},
	journal = {Phys. Rev. D},
	month = {Jul},
	numpages = {0},
	pages = {450--460},
	publisher = {American Physical Society},
	title = {Quark liberation at high temperature: A Monte Carlo study of SU(2) gauge theory},
	url = {https://link.aps.org/doi/10.1103/PhysRevD.24.450},
	volume = {24},
	year = {1981},
	bdsk-url-1 = {https://link.aps.org/doi/10.1103/PhysRevD.24.450},
	bdsk-url-2 = {https://doi.org/10.1103/PhysRevD.24.450}}

@article{PhysRevD.27.1348,
	author = {Milton, Kimball A. and Wilcox, Walter and Palmer, William F. and Pinsky, Stephen S.},
	date-added = {2024-09-13 14:25:37 -0600},
	date-modified = {2024-09-13 14:25:37 -0600},
	doi = {10.1103/PhysRevD.27.1348},
	issue = {6},
	journal = {Phys. Rev. D},
	month = {Mar},
	numpages = {0},
	pages = {1348--1352},
	publisher = {American Physical Society},
	title = {Color-singlet confinement in chromostatics},
	url = {https://link.aps.org/doi/10.1103/PhysRevD.27.1348},
	volume = {27},
	year = {1983},
	bdsk-url-1 = {https://link.aps.org/doi/10.1103/PhysRevD.27.1348},
	bdsk-url-2 = {https://doi.org/10.1103/PhysRevD.27.1348}}

@article{PhysRevD.29.1823,
	author = {Swift, Arthur R. and Marrero, Jose Luis Rodriguez},
	date-added = {2024-09-13 14:25:37 -0600},
	date-modified = {2024-09-13 14:25:37 -0600},
	doi = {10.1103/PhysRevD.29.1823},
	issue = {8},
	journal = {Phys. Rev. D},
	month = {Apr},
	numpages = {0},
	pages = {1823--1838},
	publisher = {American Physical Society},
	title = {Color confinement and the quantum-chromodynamic vacuum},
	url = {https://link.aps.org/doi/10.1103/PhysRevD.29.1823},
	volume = {29},
	year = {1984},
	bdsk-url-1 = {https://link.aps.org/doi/10.1103/PhysRevD.29.1823},
	bdsk-url-2 = {https://doi.org/10.1103/PhysRevD.29.1823}}

@article{PhysRevD.31.917,
	author = {Marrero, Jose Luis Rodriguez and Swift, Arthur R.},
	date-added = {2024-09-13 14:25:37 -0600},
	date-modified = {2024-09-13 14:25:37 -0600},
	doi = {10.1103/PhysRevD.31.917},
	issue = {4},
	journal = {Phys. Rev. D},
	month = {Feb},
	numpages = {0},
	pages = {917--922},
	publisher = {American Physical Society},
	title = {Color confinement and the quantum-chromodynamic vacuum. II. Gluon propagation and the Coulomb interaction},
	url = {https://link.aps.org/doi/10.1103/PhysRevD.31.917},
	volume = {31},
	year = {1985},
	bdsk-url-1 = {https://link.aps.org/doi/10.1103/PhysRevD.31.917},
	bdsk-url-2 = {https://doi.org/10.1103/PhysRevD.31.917}}

@article{PhysRevD.32.476,
	author = {Marrero, Jose Luis Rodriguez and Swift, Arthur R.},
	date-added = {2024-09-13 14:25:37 -0600},
	date-modified = {2024-09-13 14:25:37 -0600},
	doi = {10.1103/PhysRevD.32.476},
	issue = {2},
	journal = {Phys. Rev. D},
	month = {Jul},
	numpages = {0},
	pages = {476--482},
	publisher = {American Physical Society},
	title = {Color confinement and the quantum-chromodynamic vacuum. III},
	url = {https://link.aps.org/doi/10.1103/PhysRevD.32.476},
	volume = {32},
	year = {1985},
	bdsk-url-1 = {https://link.aps.org/doi/10.1103/PhysRevD.32.476},
	bdsk-url-2 = {https://doi.org/10.1103/PhysRevD.32.476}}

@article{PhysRevD.32.938,
	author = {Hata, Hiroyuki and Kugo, Taichiro},
	date-added = {2024-09-13 14:25:37 -0600},
	date-modified = {2024-09-13 14:25:37 -0600},
	doi = {10.1103/PhysRevD.32.938},
	issue = {4},
	journal = {Phys. Rev. D},
	month = {Aug},
	numpages = {0},
	pages = {938--944},
	publisher = {American Physical Society},
	title = {Color confinement, Becchi-Rouet-Stora symmetry, and negative dimensions},
	url = {https://link.aps.org/doi/10.1103/PhysRevD.32.938},
	volume = {32},
	year = {1985},
	bdsk-url-1 = {https://link.aps.org/doi/10.1103/PhysRevD.32.938},
	bdsk-url-2 = {https://doi.org/10.1103/PhysRevD.32.938}}

@article{PhysRevD.42.4257,
	author = {Suzuki, Tsuneo and Yotsuyanagi, Ichiro},
	date-added = {2024-09-13 14:25:37 -0600},
	date-modified = {2024-09-13 14:25:37 -0600},
	doi = {10.1103/PhysRevD.42.4257},
	issue = {12},
	journal = {Phys. Rev. D},
	month = {Dec},
	numpages = {0},
	pages = {4257--4260},
	publisher = {American Physical Society},
	title = {Possible evidence for Abelian dominance in quark confinement},
	url = {https://link.aps.org/doi/10.1103/PhysRevD.42.4257},
	volume = {42},
	year = {1990},
	bdsk-url-1 = {https://link.aps.org/doi/10.1103/PhysRevD.42.4257},
	bdsk-url-2 = {https://doi.org/10.1103/PhysRevD.42.4257}}

@article{PhysRevD.50.5878,
	author = {Brambilla, N. and Consoli, P. and Prosperi, G. M.},
	date-added = {2024-09-13 14:25:37 -0600},
	date-modified = {2024-09-13 14:25:37 -0600},
	doi = {10.1103/PhysRevD.50.5878},
	issue = {9},
	journal = {Phys. Rev. D},
	month = {Nov},
	numpages = {0},
	pages = {5878--5892},
	publisher = {American Physical Society},
	title = {Consistent derivation of the quark-antiquark and three-quark potentials in a Wilson loop context},
	url = {https://link.aps.org/doi/10.1103/PhysRevD.50.5878},
	volume = {50},
	year = {1994},
	bdsk-url-1 = {https://link.aps.org/doi/10.1103/PhysRevD.50.5878},
	bdsk-url-2 = {https://doi.org/10.1103/PhysRevD.50.5878}}

@article{PhysRevD.52.2951,
	author = {Creutz, Michael},
	date-added = {2024-09-13 14:25:37 -0600},
	date-modified = {2024-09-13 14:25:37 -0600},
	doi = {10.1103/PhysRevD.52.2951},
	issue = {5},
	journal = {Phys. Rev. D},
	month = {Sep},
	numpages = {0},
	pages = {2951--2959},
	publisher = {American Physical Society},
	title = {Quark masses and chiral symmetry},
	url = {https://link.aps.org/doi/10.1103/PhysRevD.52.2951},
	volume = {52},
	year = {1995},
	bdsk-url-1 = {https://link.aps.org/doi/10.1103/PhysRevD.52.2951},
	bdsk-url-2 = {https://doi.org/10.1103/PhysRevD.52.2951}}

@article{PhysRevD.60.094504,
	author = {Fukushima, M. and Suganuma, H. and Toki, H.},
	date-added = {2024-09-13 14:25:37 -0600},
	date-modified = {2024-09-13 14:25:37 -0600},
	doi = {10.1103/PhysRevD.60.094504},
	issue = {9},
	journal = {Phys. Rev. D},
	month = {Sep},
	numpages = {10},
	pages = {094504},
	publisher = {American Physical Society},
	title = {Monopole clustering and color confinement in the multi-instanton system},
	url = {https://link.aps.org/doi/10.1103/PhysRevD.60.094504},
	volume = {60},
	year = {1999},
	bdsk-url-1 = {https://link.aps.org/doi/10.1103/PhysRevD.60.094504},
	bdsk-url-2 = {https://doi.org/10.1103/PhysRevD.60.094504}}

@article{PhysRevD.61.034503,
	author = {Di Giacomo, A. and Lucini, B. and Montesi, L. and Paffuti, G.},
	date-added = {2024-09-13 14:25:37 -0600},
	date-modified = {2024-09-13 14:25:37 -0600},
	doi = {10.1103/PhysRevD.61.034503},
	issue = {3},
	journal = {Phys. Rev. D},
	month = {Jan},
	numpages = {10},
	pages = {034503},
	publisher = {American Physical Society},
	title = {Color confinement and dual superconductivity of the vacuum. I},
	url = {https://link.aps.org/doi/10.1103/PhysRevD.61.034503},
	volume = {61},
	year = {2000},
	bdsk-url-1 = {https://link.aps.org/doi/10.1103/PhysRevD.61.034503},
	bdsk-url-2 = {https://doi.org/10.1103/PhysRevD.61.034503}}

@article{PhysRevD.61.034504,
	author = {Di Giacomo, A. and Lucini, B. and Montesi, L. and Paffuti, G.},
	date-added = {2024-09-13 14:25:37 -0600},
	date-modified = {2024-09-13 14:25:37 -0600},
	doi = {10.1103/PhysRevD.61.034504},
	issue = {3},
	journal = {Phys. Rev. D},
	month = {Jan},
	numpages = {6},
	pages = {034504},
	publisher = {American Physical Society},
	title = {Color confinement and dual superconductivity of the vacuum. II},
	url = {https://link.aps.org/doi/10.1103/PhysRevD.61.034504},
	volume = {61},
	year = {2000},
	bdsk-url-1 = {https://link.aps.org/doi/10.1103/PhysRevD.61.034504},
	bdsk-url-2 = {https://doi.org/10.1103/PhysRevD.61.034504}}

@article{PhysRevD.62.111501,
	author = {Pisarski, Robert D.},
	date-added = {2024-09-13 14:25:37 -0600},
	date-modified = {2024-09-13 14:25:37 -0600},
	doi = {10.1103/PhysRevD.62.111501},
	issue = {11},
	journal = {Phys. Rev. D},
	month = {Nov},
	numpages = {5},
	pages = {111501},
	publisher = {American Physical Society},
	title = {Quark-gluon plasma as a condensate of $Z(3)$ Wilson lines},
	url = {https://link.aps.org/doi/10.1103/PhysRevD.62.111501},
	volume = {62},
	year = {2000},
	bdsk-url-1 = {https://link.aps.org/doi/10.1103/PhysRevD.62.111501},
	bdsk-url-2 = {https://doi.org/10.1103/PhysRevD.62.111501}}

@article{PhysRevD.63.014023,
	author = {Brambilla, Nora and Pineda, Antonio and Soto, Joan and Vairo, Antonio},
	date-added = {2024-09-13 14:25:37 -0600},
	date-modified = {2024-09-13 14:25:37 -0600},
	doi = {10.1103/PhysRevD.63.014023},
	issue = {1},
	journal = {Phys. Rev. D},
	month = {Dec},
	numpages = {11},
	pages = {014023},
	publisher = {American Physical Society},
	title = {QCD potential at $O(1/m)$},
	url = {https://link.aps.org/doi/10.1103/PhysRevD.63.014023},
	volume = {63},
	year = {2000},
	bdsk-url-1 = {https://link.aps.org/doi/10.1103/PhysRevD.63.014023},
	bdsk-url-2 = {https://doi.org/10.1103/PhysRevD.63.014023}}

@article{PhysRevD.64.054506,
	author = {Bernard, Claude and Burch, Tom and Orginos, Kostas and Toussaint, Doug and DeGrand, Thomas A. and DeTar, Carleton and Datta, Saumen and Gottlieb, Steven and Heller, Urs M. and Sugar, Robert},
	date-added = {2024-09-13 14:25:37 -0600},
	date-modified = {2024-09-13 14:25:37 -0600},
	doi = {10.1103/PhysRevD.64.054506},
	issue = {5},
	journal = {Phys. Rev. D},
	month = {Aug},
	numpages = {15},
	pages = {054506},
	publisher = {American Physical Society},
	title = {QCD spectrum with three quark flavors},
	url = {https://link.aps.org/doi/10.1103/PhysRevD.64.054506},
	volume = {64},
	year = {2001},
	bdsk-url-1 = {https://link.aps.org/doi/10.1103/PhysRevD.64.054506},
	bdsk-url-2 = {https://doi.org/10.1103/PhysRevD.64.054506}}

@article{PhysRevD.64.114507,
	author = {Carmona, J. M. and D'Elia, M. and Di Giacomo, A. and Lucini, B. and Paffuti, G.},
	date-added = {2024-09-13 14:25:37 -0600},
	date-modified = {2024-09-13 14:25:37 -0600},
	doi = {10.1103/PhysRevD.64.114507},
	issue = {11},
	journal = {Phys. Rev. D},
	month = {Nov},
	numpages = {7},
	pages = {114507},
	publisher = {American Physical Society},
	title = {Color confinement and dual superconductivity of the vacuum. III},
	url = {https://link.aps.org/doi/10.1103/PhysRevD.64.114507},
	volume = {64},
	year = {2001},
	bdsk-url-1 = {https://link.aps.org/doi/10.1103/PhysRevD.64.114507},
	bdsk-url-2 = {https://doi.org/10.1103/PhysRevD.64.114507}}

@article{PhysRevD.66.011503,
	author = {Carmona, J. M. and D'Elia, M. and Del Debbio, L. and Di Giacomo, A. and Lucini, B. and Paffuti, G.},
	date-added = {2024-09-13 14:25:37 -0600},
	date-modified = {2024-09-13 14:25:37 -0600},
	doi = {10.1103/PhysRevD.66.011503},
	issue = {1},
	journal = {Phys. Rev. D},
	month = {Jul},
	numpages = {4},
	pages = {011503},
	publisher = {American Physical Society},
	title = {Color confinement and dual superconductivity in full QCD},
	url = {https://link.aps.org/doi/10.1103/PhysRevD.66.011503},
	volume = {66},
	year = {2002},
	bdsk-url-1 = {https://link.aps.org/doi/10.1103/PhysRevD.66.011503},
	bdsk-url-2 = {https://doi.org/10.1103/PhysRevD.66.011503}}

@article{PhysRevD.69.054501,
	author = {Morningstar, Colin and Peardon, Mike},
	date-added = {2024-09-13 14:25:37 -0600},
	date-modified = {2024-09-13 14:25:37 -0600},
	doi = {10.1103/PhysRevD.69.054501},
	issue = {5},
	journal = {Phys. Rev. D},
	month = {Mar},
	numpages = {9},
	pages = {054501},
	publisher = {American Physical Society},
	title = {Analytic smearing of $\mathrm{SU}(3)$ link variables in lattice QCD},
	url = {https://link.aps.org/doi/10.1103/PhysRevD.69.054501},
	volume = {69},
	year = {2004},
	bdsk-url-1 = {https://link.aps.org/doi/10.1103/PhysRevD.69.054501},
	bdsk-url-2 = {https://doi.org/10.1103/PhysRevD.69.054501}}

@article{PhysRevD.71.114502,
	author = {D'Elia, M. and Di Giacomo, A. and Lucini, B. and Paffuti, G. and Pica, C.},
	date-added = {2024-09-13 14:25:37 -0600},
	date-modified = {2024-09-13 14:25:37 -0600},
	doi = {10.1103/PhysRevD.71.114502},
	issue = {11},
	journal = {Phys. Rev. D},
	month = {Jun},
	numpages = {7},
	pages = {114502},
	publisher = {American Physical Society},
	title = {Color confinement and dual superconductivity of the vacuum. IV},
	url = {https://link.aps.org/doi/10.1103/PhysRevD.71.114502},
	volume = {71},
	year = {2005},
	bdsk-url-1 = {https://link.aps.org/doi/10.1103/PhysRevD.71.114502},
	bdsk-url-2 = {https://doi.org/10.1103/PhysRevD.71.114502}}

@article{PhysRevD.73.014019,
	author = {Ratti, Claudia and Thaler, Michael A. and Weise, Wolfram},
	date-added = {2024-09-13 14:25:37 -0600},
	date-modified = {2024-09-13 14:25:37 -0600},
	doi = {10.1103/PhysRevD.73.014019},
	issue = {1},
	journal = {Phys. Rev. D},
	month = {Jan},
	numpages = {10},
	pages = {014019},
	publisher = {American Physical Society},
	title = {Phases of QCD: Lattice thermodynamics and a field theoretical model},
	url = {https://link.aps.org/doi/10.1103/PhysRevD.73.014019},
	volume = {73},
	year = {2006},
	bdsk-url-1 = {https://link.aps.org/doi/10.1103/PhysRevD.73.014019},
	bdsk-url-2 = {https://doi.org/10.1103/PhysRevD.73.014019}}

@article{PhysRevD.76.054501,
	author = {Creutz, Michael},
	date-added = {2024-09-13 14:25:37 -0600},
	date-modified = {2024-09-13 14:25:37 -0600},
	doi = {10.1103/PhysRevD.76.054501},
	issue = {5},
	journal = {Phys. Rev. D},
	month = {Sep},
	numpages = {9},
	pages = {054501},
	publisher = {American Physical Society},
	title = {Effective potentials, thermodynamics, and twisted mass quarks},
	url = {https://link.aps.org/doi/10.1103/PhysRevD.76.054501},
	volume = {76},
	year = {2007},
	bdsk-url-1 = {https://link.aps.org/doi/10.1103/PhysRevD.76.054501},
	bdsk-url-2 = {https://doi.org/10.1103/PhysRevD.76.054501}}

@article{PhysRevD.76.094005,
	author = {Bicudo, P.},
	date-added = {2024-09-13 14:25:37 -0600},
	date-modified = {2024-09-13 19:46:36 -0600},
	doi = {10.1103/PhysRevD.76.094005},
	issue = {9},
	journal = {Phys. Rev. D},
	month = {Nov},
	numpages = {9},
	pages = {094005},
	publisher = {American Physical Society},
	title = {Large degeneracy of excited hadrons and quark models},
	url = {https://link.aps.org/doi/10.1103/PhysRevD.76.094005},
	volume = {76},
	year = {2007},
	bdsk-url-1 = {https://link.aps.org/doi/10.1103/PhysRevD.76.094005},
	bdsk-url-2 = {https://doi.org/10.1103/PhysRevD.76.094005}}

@article{PhysRevD.77.034502,
	author = {Suzuki, Tsuneo and Ishiguro, Katsuya and Koma, Yoshiaki and Sekido, Toru},
	date-added = {2024-09-13 14:25:37 -0600},
	date-modified = {2024-09-13 14:25:37 -0600},
	doi = {10.1103/PhysRevD.77.034502},
	issue = {3},
	journal = {Phys. Rev. D},
	month = {Feb},
	numpages = {5},
	pages = {034502},
	publisher = {American Physical Society},
	title = {Gauge-independent Abelian mechanism of color confinement in gluodynamics},
	url = {https://link.aps.org/doi/10.1103/PhysRevD.77.034502},
	volume = {77},
	year = {2008},
	bdsk-url-1 = {https://link.aps.org/doi/10.1103/PhysRevD.77.034502},
	bdsk-url-2 = {https://doi.org/10.1103/PhysRevD.77.034502}}

@article{PhysRevD.79.054504,
	author = {Yamamoto, Arata and Suganuma, Hideo},
	date-added = {2024-09-13 14:25:37 -0600},
	date-modified = {2024-09-13 14:25:37 -0600},
	doi = {10.1103/PhysRevD.79.054504},
	issue = {5},
	journal = {Phys. Rev. D},
	month = {Mar},
	numpages = {11},
	pages = {054504},
	publisher = {American Physical Society},
	title = {Relevant energy scale of color confinement from lattice QCD},
	url = {https://link.aps.org/doi/10.1103/PhysRevD.79.054504},
	volume = {79},
	year = {2009},
	bdsk-url-1 = {https://link.aps.org/doi/10.1103/PhysRevD.79.054504},
	bdsk-url-2 = {https://doi.org/10.1103/PhysRevD.79.054504}}

@article{PhysRevD.80.054504,
	author = {Suzuki, Tsuneo and Hasegawa, Masayasu and Ishiguro, Katsuya and Koma, Yoshiaki and Sekido, Toru},
	date-added = {2024-09-13 14:25:37 -0600},
	date-modified = {2024-09-13 14:25:37 -0600},
	doi = {10.1103/PhysRevD.80.054504},
	issue = {5},
	journal = {Phys. Rev. D},
	month = {Sep},
	numpages = {11},
	pages = {054504},
	publisher = {American Physical Society},
	title = {Gauge invariance of color confinement due to the dual Meissner effect caused by Abelian monopoles},
	url = {https://link.aps.org/doi/10.1103/PhysRevD.80.054504},
	volume = {80},
	year = {2009},
	bdsk-url-1 = {https://link.aps.org/doi/10.1103/PhysRevD.80.054504},
	bdsk-url-2 = {https://doi.org/10.1103/PhysRevD.80.054504}}

@article{PhysRevD.86.044028,
	author = {Kumar, Prashant and Bhattacharya, Kaushik and Sarkar, Tapobrata},
	date-added = {2024-09-13 14:25:37 -0600},
	date-modified = {2024-09-13 14:25:37 -0600},
	doi = {10.1103/PhysRevD.86.044028},
	issue = {4},
	journal = {Phys. Rev. D},
	month = {Aug},
	numpages = {8},
	pages = {044028},
	publisher = {American Physical Society},
	title = {Geodesic congruences and their deformations in Bertrand space-times},
	url = {https://link.aps.org/doi/10.1103/PhysRevD.86.044028},
	volume = {86},
	year = {2012},
	bdsk-url-1 = {https://link.aps.org/doi/10.1103/PhysRevD.86.044028},
	bdsk-url-2 = {https://doi.org/10.1103/PhysRevD.86.044028}}

@article{PhysRevD.88.083532,
	author = {Dey, Dipanjan and Bhattacharya, Kaushik and Sarkar, Tapobrata},
	date-added = {2024-09-13 14:25:37 -0600},
	date-modified = {2024-09-13 14:25:37 -0600},
	doi = {10.1103/PhysRevD.88.083532},
	issue = {8},
	journal = {Phys. Rev. D},
	month = {Oct},
	numpages = {10},
	pages = {083532},
	publisher = {American Physical Society},
	title = {Astrophysics of Bertrand space-times},
	url = {https://link.aps.org/doi/10.1103/PhysRevD.88.083532},
	volume = {88},
	year = {2013},
	bdsk-url-1 = {https://link.aps.org/doi/10.1103/PhysRevD.88.083532},
	bdsk-url-2 = {https://doi.org/10.1103/PhysRevD.88.083532}}

@article{PhysRevD.88.124040,
	author = {Dadhich, Naresh and Ghosh, Sushant G. and Jhingan, Sanjay},
	date-added = {2024-09-13 14:25:37 -0600},
	date-modified = {2024-09-13 14:25:37 -0600},
	doi = {10.1103/PhysRevD.88.124040},
	issue = {12},
	journal = {Phys. Rev. D},
	month = {Dec},
	numpages = {4},
	pages = {124040},
	publisher = {American Physical Society},
	title = {Bound orbits and gravitational theory},
	url = {https://link.aps.org/doi/10.1103/PhysRevD.88.124040},
	volume = {88},
	year = {2013},
	bdsk-url-1 = {https://link.aps.org/doi/10.1103/PhysRevD.88.124040},
	bdsk-url-2 = {https://doi.org/10.1103/PhysRevD.88.124040}}

@article{PhysRevD.106.014515,
	author = {Ishiguro, Katsuya and Hiraguchi, Atsuki and Suzuki, Tsuneo},
	date-added = {2024-09-13 14:25:37 -0600},
	date-modified = {2024-09-13 14:25:37 -0600},
	doi = {10.1103/PhysRevD.106.014515},
	issue = {1},
	journal = {Phys. Rev. D},
	month = {Jul},
	numpages = {11},
	pages = {014515},
	publisher = {American Physical Society},
	title = {Monopoles of the Dirac type and color confinement in QCD: First results of $SU(3)$ numerical simulations without gauge fixing},
	url = {https://link.aps.org/doi/10.1103/PhysRevD.106.014515},
	volume = {106},
	year = {2022},
	bdsk-url-1 = {https://link.aps.org/doi/10.1103/PhysRevD.106.014515},
	bdsk-url-2 = {https://doi.org/10.1103/PhysRevD.106.014515}}

@article{PhysRevD.107.094503,
	author = {Suzuki, Tsuneo},
	date-added = {2024-09-13 14:25:37 -0600},
	date-modified = {2024-09-13 14:25:37 -0600},
	doi = {10.1103/PhysRevD.107.094503},
	issue = {9},
	journal = {Phys. Rev. D},
	month = {May},
	numpages = {10},
	pages = {094503},
	publisher = {American Physical Society},
	title = {Monopoles of the Dirac type and color confinement in QCD: Study of the continuum limit},
	url = {https://link.aps.org/doi/10.1103/PhysRevD.107.094503},
	volume = {107},
	year = {2023},
	bdsk-url-1 = {https://link.aps.org/doi/10.1103/PhysRevD.107.094503},
	bdsk-url-2 = {https://doi.org/10.1103/PhysRevD.107.094503}}

@article{PhysRevD.108.034031,
	author = {Hoyer, Paul},
	date-added = {2024-09-13 14:25:37 -0600},
	date-modified = {2024-09-13 14:25:37 -0600},
	doi = {10.1103/PhysRevD.108.034031},
	issue = {3},
	journal = {Phys. Rev. D},
	month = {Aug},
	numpages = {19},
	pages = {034031},
	publisher = {American Physical Society},
	title = {QCD bound states in motion},
	url = {https://link.aps.org/doi/10.1103/PhysRevD.108.034031},
	volume = {108},
	year = {2023},
	bdsk-url-1 = {https://link.aps.org/doi/10.1103/PhysRevD.108.034031},
	bdsk-url-2 = {https://doi.org/10.1103/PhysRevD.108.034031}}

@article{PhysRevD.110.L021303,
	author = {Baumgarte, Thomas W. and Shapiro, Stuart L.},
	date-added = {2024-09-13 14:25:37 -0600},
	date-modified = {2024-09-13 14:25:37 -0600},
	doi = {10.1103/PhysRevD.110.L021303},
	issue = {2},
	journal = {Phys. Rev. D},
	month = {Jul},
	numpages = {7},
	pages = {L021303},
	publisher = {American Physical Society},
	title = {Primordial black holes, gravitational wave beats, and the nuclear equation of state},
	url = {https://link.aps.org/doi/10.1103/PhysRevD.110.L021303},
	volume = {110},
	year = {2024},
	bdsk-url-1 = {https://link.aps.org/doi/10.1103/PhysRevD.110.L021303},
	bdsk-url-2 = {https://doi.org/10.1103/PhysRevD.110.L021303}}

@article{PhysRevE.79.036605,
	author = {Santos, Filadelfo C. and Soares, Vitorvani and Tort, Alexandre C.},
	date-added = {2024-09-13 14:25:37 -0600},
	date-modified = {2024-09-13 14:25:37 -0600},
	doi = {10.1103/PhysRevE.79.036605},
	issue = {3},
	journal = {Phys. Rev. E},
	month = {Mar},
	numpages = {6},
	pages = {036605},
	publisher = {American Physical Society},
	title = {Determination of the apsidal angles and Bertrand's theorem},
	url = {https://link.aps.org/doi/10.1103/PhysRevE.79.036605},
	volume = {79},
	year = {2009},
	bdsk-url-1 = {https://link.aps.org/doi/10.1103/PhysRevE.79.036605},
	bdsk-url-2 = {https://doi.org/10.1103/PhysRevE.79.036605}}

@article{PhysRevE.97.052104,
	author = {Golden, Kenneth I.},
	date-added = {2024-09-13 14:25:37 -0600},
	date-modified = {2024-09-13 14:25:37 -0600},
	doi = {10.1103/PhysRevE.97.052104},
	issue = {5},
	journal = {Phys. Rev. E},
	month = {May},
	numpages = {14},
	pages = {052104},
	publisher = {American Physical Society},
	title = {Higher-order fluctuation-dissipation relations in plasma physics: Binary Coulomb systems},
	url = {https://link.aps.org/doi/10.1103/PhysRevE.97.052104},
	volume = {97},
	year = {2018},
	bdsk-url-1 = {https://link.aps.org/doi/10.1103/PhysRevE.97.052104},
	bdsk-url-2 = {https://doi.org/10.1103/PhysRevE.97.052104}}

@article{PhysRevLett.86.18,
	author = {Takahashi, T. T. and Matsufuru, H. and Nemoto, Y. and Suganuma, H.},
	date-added = {2024-09-13 14:25:37 -0600},
	date-modified = {2024-09-13 14:25:37 -0600},
	doi = {10.1103/PhysRevLett.86.18},
	issue = {1},
	journal = {Phys. Rev. Lett.},
	month = {Jan},
	numpages = {0},
	pages = {18--21},
	publisher = {American Physical Society},
	title = {Three-Quark Potential in SU(3) Lattice QCD},
	url = {https://link.aps.org/doi/10.1103/PhysRevLett.86.18},
	volume = {86},
	year = {2001},
	bdsk-url-1 = {https://link.aps.org/doi/10.1103/PhysRevLett.86.18},
	bdsk-url-2 = {https://doi.org/10.1103/PhysRevLett.86.18}}

@article{PhysRevLett.92.162003,
	author = {Creutz, Michael},
	date-added = {2024-09-13 14:25:37 -0600},
	date-modified = {2024-09-13 14:25:37 -0600},
	doi = {10.1103/PhysRevLett.92.162003},
	issue = {16},
	journal = {Phys. Rev. Lett.},
	month = {Apr},
	numpages = {4},
	pages = {162003},
	publisher = {American Physical Society},
	title = {Ambiguities in the Up-Quark Mass},
	url = {https://link.aps.org/doi/10.1103/PhysRevLett.92.162003},
	volume = {92},
	year = {2004},
	bdsk-url-1 = {https://link.aps.org/doi/10.1103/PhysRevLett.92.162003},
	bdsk-url-2 = {https://doi.org/10.1103/PhysRevLett.92.162003}}

@article{PhysRevLett.99.022001,
	author = {Ishii, N. and Aoki, S. and Hatsuda, T.},
	date-added = {2024-09-13 14:25:37 -0600},
	date-modified = {2024-09-13 14:25:37 -0600},
	doi = {10.1103/PhysRevLett.99.022001},
	issue = {2},
	journal = {Phys. Rev. Lett.},
	month = {Jul},
	numpages = {4},
	pages = {022001},
	publisher = {American Physical Society},
	title = {Nuclear Force from Lattice QCD},
	url = {https://link.aps.org/doi/10.1103/PhysRevLett.99.022001},
	volume = {99},
	year = {2007},
	bdsk-url-1 = {https://link.aps.org/doi/10.1103/PhysRevLett.99.022001},
	bdsk-url-2 = {https://doi.org/10.1103/PhysRevLett.99.022001}}

@article{PhysRevLett.100.041601,
	author = {Brannick, J. and Brower, R. C. and Clark, M. A. and Osborn, J. C. and Rebbi, C.},
	date-added = {2024-09-13 14:25:37 -0600},
	date-modified = {2024-09-13 14:25:37 -0600},
	doi = {10.1103/PhysRevLett.100.041601},
	issue = {4},
	journal = {Phys. Rev. Lett.},
	month = {Jan},
	numpages = {4},
	pages = {041601},
	publisher = {American Physical Society},
	title = {Adaptive Multigrid Algorithm for Lattice QCD},
	url = {https://link.aps.org/doi/10.1103/PhysRevLett.100.041601},
	volume = {100},
	year = {2008},
	bdsk-url-1 = {https://link.aps.org/doi/10.1103/PhysRevLett.100.041601},
	bdsk-url-2 = {https://doi.org/10.1103/PhysRevLett.100.041601}}

@article{PhysRevLett.114.242001,
	author = {Kharzeev, Dmitri E. and Levin, Eugene M.},
	date-added = {2024-09-13 14:25:37 -0600},
	date-modified = {2024-09-13 14:25:37 -0600},
	doi = {10.1103/PhysRevLett.114.242001},
	issue = {24},
	journal = {Phys. Rev. Lett.},
	month = {Jun},
	numpages = {5},
	pages = {242001},
	publisher = {American Physical Society},
	title = {Color Confinement and Screening in the $\mathbf{\ensuremath{\theta}}$ Vacuum of QCD},
	url = {https://link.aps.org/doi/10.1103/PhysRevLett.114.242001},
	volume = {114},
	year = {2015},
	bdsk-url-1 = {https://link.aps.org/doi/10.1103/PhysRevLett.114.242001},
	bdsk-url-2 = {https://doi.org/10.1103/PhysRevLett.114.242001}}

@article{RevModPhys.65.1,
	author = {Shuryak, Edward V.},
	date-added = {2024-09-13 14:25:37 -0600},
	date-modified = {2024-09-13 14:25:37 -0600},
	doi = {10.1103/RevModPhys.65.1},
	issue = {1},
	journal = {Rev. Mod. Phys.},
	month = {Jan},
	numpages = {0},
	pages = {1--46},
	publisher = {American Physical Society},
	title = {Correlation functions in the QCD vacuum},
	url = {https://link.aps.org/doi/10.1103/RevModPhys.65.1},
	volume = {65},
	year = {1993},
	bdsk-url-1 = {https://link.aps.org/doi/10.1103/RevModPhys.65.1},
	bdsk-url-2 = {https://doi.org/10.1103/RevModPhys.65.1}}

@article{RevModPhys.88.025001,
	author = {Andersen, Jens O. and Naylor, William R. and Tranberg, Anders},
	date-added = {2024-09-13 14:25:37 -0600},
	date-modified = {2024-09-13 14:25:37 -0600},
	doi = {10.1103/RevModPhys.88.025001},
	issue = {2},
	journal = {Rev. Mod. Phys.},
	month = {Apr},
	numpages = {45},
	pages = {025001},
	publisher = {American Physical Society},
	title = {Phase diagram of QCD in a magnetic field},
	url = {https://link.aps.org/doi/10.1103/RevModPhys.88.025001},
	volume = {88},
	year = {2016},
	bdsk-url-1 = {https://link.aps.org/doi/10.1103/RevModPhys.88.025001},
	bdsk-url-2 = {https://doi.org/10.1103/RevModPhys.88.025001}}

@article{santos2007english,
	abstract = {A beautiful theorem due to J. L. F. Bertrand concerning the laws of attraction that admit bounded closed orbits for arbitrarily chosen initial conditions is translated from French into English.},
	author = {Santos, FC and Soares, V and Tort, AC},
	date-added = {2024-09-13 14:25:37 -0600},
	date-modified = {2024-09-13 14:25:37 -0600},
	journal = {arXiv preprint arXiv:0704.2396},
	title = {An English translation of Bertrand's theorem},
	year = {2007}}

@book{creutz1983quarks,
	author = {Creutz, Michael},
	date-added = {2024-09-13 11:30:28 -0600},
	date-modified = {2024-09-13 11:30:28 -0600},
	publisher = {Cambridge University Press},
	title = {Quarks, gluons and lattices},
	year = {1983}}

@misc{enwiki:1232054504,
	author = {{Wikipedia contributors}},
	date-added = {2024-09-13 11:30:28 -0600},
	date-modified = {2024-09-13 11:30:28 -0600},
	howpublished = {\url{https://en.wikipedia.org/w/index.php?title=Quantum_electrodynamics&oldid=1232054504}},
	note = {[Online; accessed 12-September-2024]},
	title = {Quantum electrodynamics --- {Wikipedia}{,} The Free Encyclopedia},
	year = {2024}}

@misc{enwiki:1233536190,
	author = {{Wikipedia contributors}},
	date-added = {2024-09-13 11:30:28 -0600},
	date-modified = {2024-09-13 11:30:28 -0600},
	howpublished = {\url{https://en.wikipedia.org/w/index.php?title=Lyapunov_stability&oldid=1233536190}},
	note = {[Online; accessed 12-September-2024]},
	title = {Lyapunov stability --- {Wikipedia}{,} The Free Encyclopedia},
	year = {2024}}

@misc{enwiki:1241525826,
	author = {{Wikipedia contributors}},
	date-added = {2024-09-13 11:30:28 -0600},
	date-modified = {2024-09-13 11:30:28 -0600},
	howpublished = {\url{https://en.wikipedia.org/w/index.php?title=Quantum_chromodynamics&oldid=1241525826}},
	note = {[Online; accessed 12-September-2024]},
	title = {Quantum chromodynamics --- {Wikipedia}{,} The Free Encyclopedia},
	year = {2024}}

@article{Ferreiro_2019,
	author = {Ferreiro, Elena G.},
	date-added = {2024-09-13 11:30:28 -0600},
	date-modified = {2024-09-13 11:30:28 -0600},
	doi = {10.1016/j.nuclphysa.2018.12.002},
	issn = {0375-9474},
	journal = {Nuclear Physics A},
	month = feb,
	pages = {127--133},
	publisher = {Elsevier BV},
	title = {Quarkonium: a theory overview},
	url = {http://dx.doi.org/10.1016/j.nuclphysa.2018.12.002},
	volume = {982},
	year = {2019},
	bdsk-url-1 = {http://dx.doi.org/10.1016/j.nuclphysa.2018.12.002}}

@article{harari1983structure,
	author = {Harari, Haim},
	date-added = {2024-09-13 11:30:28 -0600},
	date-modified = {2024-09-13 11:30:28 -0600},
	journal = {Scientific American},
	number = {4},
	pages = {56--69},
	publisher = {JSTOR},
	title = {The structure of quarks and leptons},
	volume = {248},
	year = {1983}}

@article{hayes2008computing,
	author = {Hayes, Brian},
	date-added = {2024-09-13 11:30:28 -0600},
	date-modified = {2024-09-13 11:30:28 -0600},
	journal = {American Scientist},
	number = {6},
	pages = {450--454},
	publisher = {JSTOR},
	title = {Computing science: Getting your quarks in a row},
	volume = {96},
	year = {2008}}

@article{perlick1992bertrand,
	abstract = {The author determines all spherically symmetric and static Lorentzian spacetimes in which any bounded trajectory is periodic. The author calls such spacetimes 'Bertrand spacetimes', thereby referring to Bertrand's classical theorem which deals with the analogous situation in Newtonian mechanics. Any Bertrand spacetime is characterized by a rational number beta which gives the apsidal angle of all bounded trajectories in fractions of pi . Whereas Newtonian Bertrand potentials exist only for beta =1 (Kepler potential) and for beta =2 (harmonic oscillator potential), general relativity allows one to construct Bertrand spacetimes for any beta . An asymptotically Minkowskian Bertrand spacetime, however, must have beta =1, and a Bertrand spacetime with regular centre must have beta =2. Whereas all asymptotically Minkowskian Bertrand spacetimes violate the weak energy condition, some Bertrand spacetimes with regular centre admit an interpretation as charged perfect fluid solution of Einstein's field equation.},
	author = {Perlick, Volker},
	date-added = {2024-09-13 11:30:28 -0600},
	date-modified = {2024-09-13 11:30:28 -0600},
	doi = {10.1088/0264-9381/9/4/016},
	journal = {Classical and Quantum Gravity},
	number = {4},
	pages = {1009},
	publisher = {IOP Publishing},
	title = {Bertrand spacetimes},
	url = {https://dx.doi.org/10.1088/0264-9381/9/4/016},
	volume = {9},
	year = {1992},
	bdsk-url-1 = {https://dx.doi.org/10.1088/0264-9381/9/4/016}}

@article{bertrand1873theoreme,
	annote = {https://gallica.bnf.fr/ark:/12148/bpt6k3034n
pp. 851-855},
	author = {Bertrand, Joseph},
	date-added = {2024-09-11 15:37:57 -0600},
	date-modified = {2024-09-11 15:37:57 -0600},
	journal = {CR Acad. Sci},
	month = {07},
	number = {16},
	pages = {849--853},
	title = {Th\'{e}or\`{e}me relatif au mouvement d'un point attir\'{e} vers un centre fixe},
	url = {https://gallica.bnf.fr/ark:/12148/bpt6k3034n},
	volume = {77},
	year = {1873},
	bdsk-url-1 = {https://gallica.bnf.fr/ark:/12148/bpt6k3034n}}

@article{Creutz_2015,
	author = {Creutz, Michael},
	date-added = {2024-09-11 12:46:26 -0600},
	date-modified = {2024-09-11 12:46:26 -0600},
	doi = {10.1142/s021773231530027x},
	issn = {1793-6632},
	journal = {Modern Physics Letters A},
	month = nov,
	number = {36},
	pages = {1530027},
	publisher = {World Scientific Pub Co Pte Lt},
	title = {The lattice and quantized Yang--Mills theory},
	url = {http://dx.doi.org/10.1142/S021773231530027X},
	volume = {30},
	year = {2015},
	bdsk-url-1 = {http://dx.doi.org/10.1142/S021773231530027X}}

@article{Cea_2017,
	author = {Cea, Paolo and Cosmai, Leonardo and Cuteri, Francesca and Papa, Alessandro},
	date-added = {2024-09-11 12:16:33 -0600},
	date-modified = {2024-09-11 12:16:33 -0600},
	doi = {10.1103/physrevd.95.114511},
	issn = {2470-0029},
	journal = {Physical Review D},
	month = jun,
	number = {11},
	publisher = {American Physical Society (APS)},
	title = {Flux tubes in the QCD vacuum},
	url = {http://dx.doi.org/10.1103/PhysRevD.95.114511},
	volume = {95},
	year = {2017},
	bdsk-url-1 = {http://dx.doi.org/10.1103/PhysRevD.95.114511}}

@article{bicudo2007large,
	author = {Bicudo, Pedro},
	date-added = {2024-09-11 12:10:03 -0600},
	date-modified = {2024-09-11 12:10:03 -0600},
	journal = {Physical Review D---Particles, Fields, Gravitation, and Cosmology},
	number = {9},
	pages = {094005},
	publisher = {APS},
	title = {Large degeneracy of excited hadrons and quark models},
	volume = {76},
	year = {2007}}
