%% This BibTeX bibliography file was created using BibDesk.
%% https://bibdesk.sourceforge.io/

%% Created for Daniel M. Topa at 2024-09-17 12:50:48 -0600 


%% Saved with string encoding Unicode (UTF-8) 



@article{macwilkinson2023advancing,
	author = {MacWilkinson, Chad P},
	date-added = {2024-09-17 12:50:45 -0600},
	date-modified = {2024-09-17 12:50:45 -0600},
	title = {Advancing Autonomous Swarm Behavior in a Simulated Anti-access Area Denial (A2AD) Environment},
	year = {2023}}

@article{galizia2015mpi,
	author = {Galizia, Antonella and D'Agostino, Daniele and Clematis, Andrea},
	date-added = {2024-09-17 09:12:48 -0600},
	date-modified = {2024-09-17 09:12:48 -0600},
	journal = {Journal of Computational and Applied Mathematics},
	pages = {414--427},
	publisher = {Elsevier},
	title = {An MPI--CUDA library for image processing on HPC architectures},
	volume = {273},
	year = {2015}}

@misc{richard2024siriladvancedtoolastronomical,
	archiveprefix = {arXiv},
	author = {Cyril Richard and Vincent Hourdin and C{\'e}cile Melis and Adrian Knagg-Baugh},
	date-added = {2024-09-17 07:39:05 -0600},
	date-modified = {2024-09-17 07:39:05 -0600},
	eprint = {2408.03346},
	primaryclass = {astro-ph.IM},
	title = {Siril: An Advanced Tool for Astronomical Image Processing},
	url = {https://arxiv.org/abs/2408.03346},
	year = {2024},
	bdsk-url-1 = {https://arxiv.org/abs/2408.03346}}

@article{herzberger1943direct,
	author = {Herzberger, M},
	date-added = {2024-08-25 15:32:59 -0600},
	date-modified = {2024-08-25 15:32:59 -0600},
	journal = {Transactions of the American Mathematical Society},
	number = {2},
	pages = {218--229},
	publisher = {JSTOR},
	title = {Direct methods in geometrical optics},
	volume = {53},
	year = {1943}}

@book{hecht1987optics,
	author = {Hecht, Jeff},
	date-added = {2024-08-25 15:25:15 -0600},
	date-modified = {2024-08-25 15:25:15 -0600},
	publisher = {Jeff Hecht},
	title = {Optics: light for a new age},
	year = {1987}}

@book{born2013principles,
	author = {Born, Max and Wolf, Emil},
	date-added = {2024-08-25 15:19:02 -0600},
	date-modified = {2024-08-25 15:19:02 -0600},
	publisher = {Elsevier},
	title = {Principles of optics: electromagnetic theory of propagation, interference and diffraction of light},
	year = {2013}}

@book{sors,
	author = {Jiasheng Tao},
	date-added = {2024-08-25 15:14:35 -0600},
	date-modified = {2024-08-25 15:16:04 -0600},
	publisher = {Springer},
	series = {Advances in Optics and Optoelectronics (AOO)},
	title = {Space Optical Remote Sensing: Fundamentals and System Design},
	year = {2003}}

@book{gu2013advanced,
	author = {Gu, Min},
	date-added = {2024-08-25 15:01:32 -0600},
	date-modified = {2024-08-25 15:01:32 -0600},
	publisher = {Springer},
	title = {Advanced optical imaging theory},
	volume = {75},
	year = {2013}}
