





@book{doi:10.1137/1.9781611973129,
author = {Hanson, Richard J. and Hopkins, Tim},
title = {Numerical Computing with Modern Fortran},
publisher = {Society for Industrial and Applied Mathematics},
year = {2013},
doi = {10.1137/1.9781611973129},
address = {Philadelphia, PA},
edition   = {},
URL = {https://epubs.siam.org/doi/abs/10.1137/1.9781611973129},
eprint = {https://epubs.siam.org/doi/pdf/10.1137/1.9781611973129}
}
