@article{198319,
  title={Remarks on Theorems of Muntz-Szasz Type},
  author={Morisuke HASUMI},
  journal={Bulletin of the Faculty of Science, Ibaraki University. Series A, Mathematics},
  volume={15},
  number={ },
  pages={19-23},
  year={1983},
  doi={10.5036/bfsiu1968.15.19}
}