
@article{Jackson01051934},
author = {Dunham Jackson},
title = {A Proof of Weierstrass's Theorem},
journal = {The American Mathematical Monthly},
volume = {41},
number = {5},
pages = {309--312},
year = {1934},
publisher = {Taylor \& Francis},
doi = {10.1080/00029890.1934.11987557},
URL = {https://doi.org/10.1080/00029890.1934.11987557},
}


