%% This BibTeX bibliography file was created using BibDesk.
%% https://bibdesk.sourceforge.io/

%% Created for Daniel M. Topa at 2024-09-17 12:54:18 -0600 


%% Saved with string encoding Unicode (UTF-8) 



@article{whitney2022cooperative,
	author = {Whitney, Shawn},
	date-added = {2024-09-17 12:54:18 -0600},
	date-modified = {2024-09-17 12:54:18 -0600},
	title = {Cooperative Wide Area Search Algorithm Analysis Using Sub-Region Techniques},
	year = {2022}}

@article{tryhorn2021exploring,
	author = {Tryhorn, Dillon N},
	date-added = {2024-09-17 12:52:23 -0600},
	date-modified = {2024-09-17 12:52:23 -0600},
	title = {Exploring Fog of War Concepts in Wargame Scenarios},
	year = {2021}}

@article{thompson2023toward,
	author = {Thompson, J Scott and Hodson, Douglas D and Grimaila, Michael R and Hanlon, Nicholas and Dill, Richard},
	date-added = {2024-09-17 12:49:12 -0600},
	date-modified = {2024-09-17 12:49:12 -0600},
	journal = {Information},
	number = {4},
	pages = {202},
	publisher = {MDPI},
	title = {Toward a Simulation Model Complexity Measure},
	volume = {14},
	year = {2023}}

@article{connors2015agent,
	author = {Connors, Casey D},
	date-added = {2024-09-17 12:45:13 -0600},
	date-modified = {2024-09-17 12:45:13 -0600},
	title = {Agent-based Modeling Methodology for Analyzing Weapons Systems},
	year = {2015}}

@article{miller2021state,
	author = {Miller, Dalton J},
	date-added = {2024-09-17 12:44:58 -0600},
	date-modified = {2024-09-17 12:44:58 -0600},
	title = {A State-Based Model for Validating Autonomous Munition Behaviors},
	year = {2021}}

@article{goggins2022simulating,
	author = {Goggins, Kyle W},
	date-added = {2024-09-17 12:43:42 -0600},
	date-modified = {2024-09-17 12:43:42 -0600},
	title = {Simulating Autonomous Cruise Missile Swarm Behaviors in an Anti-Access Area Denial (A2AD) Environment},
	year = {2022}}

@article{deberry2021wargaming,
	author = {DeBerry, William T},
	date-added = {2024-09-17 12:40:45 -0600},
	date-modified = {2024-09-17 12:40:45 -0600},
	title = {The Wargaming Commodity Course of Action Automated Analysis Method},
	year = {2021}}

@mastersthesis{enders2023methodology,
	author = {Enders, James L},
	date-added = {2024-09-17 12:38:10 -0600},
	date-modified = {2024-09-17 12:38:10 -0600},
	school = {The Ohio State University},
	title = {Methodology for the Selection of Pivotal Features in AFSIM Meta-Markov Models},
	year = {2023}}

@article{koethe2023foundational,
	author = {Koethe, Manfred R},
	date-added = {2024-09-17 12:34:05 -0600},
	date-modified = {2024-09-17 12:34:05 -0600},
	title = {Foundational Agent-Based Systems Technology},
	year = {2023}}

@article{carboni2019effect,
	author = {Carboni, John M},
	date-added = {2024-09-17 12:30:28 -0600},
	date-modified = {2024-09-17 12:30:28 -0600},
	title = {The Effect of Modeling Simultaneous Events on Simulation Results},
	year = {2019}}

@article{bernal2020optimizing,
	author = {Bernal, Iric},
	date-added = {2024-09-17 12:28:00 -0600},
	date-modified = {2024-09-17 12:28:00 -0600},
	journal = {Undergraduate Honors Thesis, Ohio State University},
	title = {Optimizing Engagement Simulations Through the Advanced Framework for Simulation, Integration and Modeling (AFSIM) Software},
	year = {2020}}

@phdthesis{enders2022evaluating,
	author = {Enders, James},
	date-added = {2024-09-17 12:25:35 -0600},
	date-modified = {2024-09-17 12:25:35 -0600},
	school = {The Ohio State University},
	title = {Evaluating Positional Risk Through the Advanced Framework for Simulation, Integration and Modeling (AFSIM) Software},
	year = {2022}}

@inproceedings{clive2015advanced,
	author = {Clive, Peter D and Johnson, Jeffrey A and Moss, Michael J and Zeh, James M and Birkmire, Brian M and Hodson, Douglas D},
	booktitle = {Proceedings of the international conference on scientific computing (CSC)},
	date-added = {2024-09-17 12:24:45 -0600},
	date-modified = {2024-09-17 12:24:45 -0600},
	organization = {The Steering Committee of The World Congress in Computer Science, Computer~{\ldots}},
	pages = {73},
	title = {Advanced framework for simulation, integration and modeling (AFSIM)(Case Number: 88ABW-2015-2258)},
	year = {2015}}
